1811 3358
886 279 976 325 123

267 410 468 471 phaniae
509 411 689 471 absque
739 409 898 470 aliqua
943 409 1318 455 contradictione
1371 419 1417 456 et
1469 426 1599 459 mora

265 492 554 552 suscipiant,
619 491 899 542 admittant,
966 489 1201 541 habeant,
1259 498 1307 534 et
1378 500 1594 545 teneant,

263 585 352 615 nec
393 587 440 615 se
496 578 663 615 contra
723 586 831 622 eos,
887 584 977 614 nec
1026 585 1134 613 suos
1188 579 1460 629 opponant,
1508 589 1595 618 nee

261 650 520 711 quiequam
555 650 728 695 faciant
765 650 865 694 ullo
900 649 1038 694 modo
1062 685 1073 702 ,
1127 657 1175 694 et
1218 649 1285 693 cis
1319 651 1488 702 etiam,
1524 653 1595 696 uti

261 729 355 774 suis
390 729 642 774 ordinariis
676 736 725 773 ct
767 728 1063 773 naturalibus
1115 727 1448 773 haereditariis
1500 730 1594 774 do-

258 808 397 853 minis
450 816 723 854 consuetam
769 808 1162 868 promissionem,
1227 808 1497 869 homagium
1547 819 1595 856 et

249 887 576 947 juramentum
607 889 806 940 faciant,
858 904 906 932 se
951 888 1018 932 eis
1057 887 1223 932 fideles
1268 896 1316 933 et
1365 888 1591 934 obedien-

257 975 328 1012 tes
363 967 548 1013 suturos
589 969 640 1013 in
675 967 893 1012 omnibus
928 967 1086 1012 rebus.
1154 968 1449 1028 Inquantum
1483 984 1592 1013 nos-

256 1056 379 1093 tram
431 1056 480 1092 et
535 1050 654 1093 sacri
703 1050 902 1109 Imperii
963 1064 1153 1109 gravem
1213 1047 1589 1108 indignationem

255 1129 437 1172 evitare
502 1129 689 1179 volent,
760 1128 927 1172 harum
1003 1127 1275 1171 testimonio
1338 1126 1588 1171 literarum

253 1216 444 1252 nostrae
500 1207 774 1266 Majestatus
839 1206 992 1266 sigillo
1043 1205 1346 1249 munitarum.
1415 1207 1589 1250 Datum

250 1285 438 1336 Budac,
477 1301 504 1329 a
538 1285 791 1328 nativitate
843 1282 1021 1327 Christi
1061 1282 1311 1326 millesimo
1360 1284 1590 1343 quadrin-

251 1364 510 1425 gentesimo
560 1362 785 1423 vigesimo
840 1361 1037 1421 quintO,
1086 1361 1300 1420 proximo
1345 1363 1422 1408 die
1460 1364 1587 1423 jovis

249 1455 359 1492 ante
408 1447 580 1492 festum
627 1446 950 1496 Pestecostes‚
1000 1459 1257 1504 regnorum
1307 1451 1583 1488 nostrorum

245 1526 517 1587 Hungariae
550 1526 789 1586 trigesimo
821 1540 966 1576 nono,
1005 1524 1208 1570 Romani
1234 1523 1419 1567 decimo
1439 1523 1605 1582 quint

245 1612 318 1655 to,
355 1613 403 1648 et
434 1604 688 1648 Bohemiae
733 1605 916 1663 quintO.
981 1602 1063 1646 Sic
1095 1609 1199 1645 erat
1230 1600 1577 1661 subscriptum3

246 1683 322 1728 Ad
354 1683 628 1727 mandatum
664 1683 842 1726 domini
879 1681 1030 1742 regis,
1067 1680 1342 1724 Franciscus
1373 1681 1582 1741 Praepo-

241 1762 357 1806 situs
412 1761 761 1821 Strigoniensis.

302 1919 369 1963 II.
405 1918 620 1963 Venclz'tio
659 1934 714 1961 ae
765 1913 921 1961 Cossio
973 1914 1121 1959 Ducis
1159 1913 1397 1968 Gerao’di‚
1429 1919 1573 1975 faela

394 1997 522 2042 Daci
569 1995 739 2042 Carolo
783 1995 1125 2057 Burgundiae,
1169 1994 1223 2038 de
1260 1995 1427 2040 ducatu
1464 1994 1574 2040 Gel-

394 2079 500 2122 riae
548 2094 602 2120 ac
650 2078 868 2120 comitatu
908 2074 1224 2135 Zutplecmz‘ae,
1257 2076 1398 2136 facta
1451 2091 1571 2120 amm

394 2157 418 2200 1
426 2154 518 2204 473
568 2153 634 2217 (E
638 2155 914 2216 oecerptum).

295 2314 537 2362 Gerardus
573 2315 661 2359 Dei
707 2314 856 2374 gratia
891 2313 995 2357 Dux
1044 2312 1322 2357 Juliacensis
1377 2320 1507 2356 caet:

294 2395 453 2439 Primo
508 2396 678 2455 allegat
735 2394 814 2452 jus
868 2409 1002 2437 suum
1051 2394 1101 2437 in
1149 2392 1324 2439 Gelria.
1393 2393 1562 2437 Postea

232 2475 375 2518 cessio
423 2476 618 2535 proprie
664 2474 790 2517 dicta
827 2474 891 2518 ita
942 2474 1259 2517 continuatur.

297 2552 363 2596 Ex
406 2553 478 2598 his
519 2554 668 2599 causis
713 2562 760 2597 et
812 2554 913 2596 aliis
944 2561 1158 2597 nostrum
1203 2568 1256 2595 ac
1300 2551 1559 2596 haeredum

231 2640 275 2676 et
313 2647 625 2677 successorem
674 2642 945 2677 nosti-orum
990 2634 1255 2677 evidentem
1306 2634 1557 2677 utilitatem
