1811 3358
766 296 825 343 73

137 441 150 470 .·’
188 427 289 472 Non
313 427 396 472 diu
432 434 538 486 post
561 425 679 471 obiit
711 425 970 487 Episcopus
998 425 1278 470 Fredcricus
1313 426 1459 472 Elam--

123 507 402 552 kenheinius
442 506 633 564 praesul
681 505 1010 562 'l'iajecteusis.

185 586 302 630 Jure
351 602 478 630 nunc
527 585 690 631 Gelria
744 585 1003 629 transitura
1047 584 1210 629 suisset
1258 583 1318 628 ad
1369 584 1453 627 do-

122 680 250 709 mum
311 664 371 710 ab
426 665 635 715 Arekel,
685 664 767 709 sed
823 664 1105 709 Guilielmus
1163 662 1223 708 ab
1270 663 1453 708 Arekel

122 744 208 803 qui
248 743 452 789 debehat
484 743 741 789 succedere
776 743 1028 794 Reinald0‚
1067 744 1306 789 ceciderat
1338 760 1452 804 pro-

120 839 181 882 pe
231 823 589 869 Gorichomium
640 838 764 867 anno
820 821 965 879 1411;
1010 821 1071 867 ad
1121 822 1248 867 hunc
1292 833 1456 869 autem

122 904 417 962 pervenisset
455 901 646 948 Gelriac
682 903 917 955 Ducatus,
967 918 1076 947 nam
1111 910 1214 947 erat
1244 901 1370 946 filius
1401 919 1456 947 ex
1502 931 1504 933 >

123 998 285 1026 sorore
338 982 560 1028 Reinaldi
609 983 840 1028 Johanmi.
911 983 972 1027 Et
1020 981 1302 1029 Guiliehnus
1351 983 1455 1026 Dux

125 1060 316 1109 Geli-iae
353 1077 407 1105 ae
441 1062 596 1105 Juliae
619 1062 784 1106 Comes
819 1062 1115 1123 Zutphaniae
1147 1063 1330 1122 prolem
1360 1078 1456 1106 nou

126 1141 400 1200 reliquerat.
472 1140 565 1185 Sed
612 1139 895 1187 Guilielmus
945 1141 1004 1186 ab
1038 1141 1202 1186 ›Arkel
1248 1140 1457 1197 habebat

123 1226 336 1265 sorerem
382 1219 578 1264 Mariam
629 1220 764 1279 eujus
813 1221 1011 1265 maritus
1067 1228 1171 1264 erat
1215 1220 1453 1264 ,Iohannes

123 1299 338 1359 dignasta
388 1297 740 1358 Egmondanus;
782 1299 929 1344 Maria
990 1306 1039 1343 et
1083 1298 1322 1343 Johannes
1368 1297 1457 1342 ha·-

121 1376 302 1424 bebant
333 1375 486 1420 filium
532 1375 824 1429 Arnoldum,
863 1377 949 1437 qui
993 1384 1132 1429 tune,
1184 1377 1299 1437 quia
1340 1394 1454 1438 pro-

125 1471 276 1516 nepos
318 1461 442 1500 esset
477 1454 725 1506 Reinaldi,
762 1456 806 1499 ei
841 1471 1037 1515 quoque
1074 1457 1324 1512 suecessit3
1362 1455 1454 1501 hoe

129 1535 304 1583 accidit
349 1550 473 1581 anno
527 1531 664 1578 1422.
730 1533 917 1593 Agebat
960 1542 1061 1578 tum
1104 1550 1278 1579 annum
1325 1534 1455 1579 deei-

129 1631 258 1660 mum
289 1622 542 1674 quartum,
588 1613 697 1657 vivo
737 1613 892 1657 adhuc
929 1621 1068 1674 patre
1111 1614 1328 1660 Johanne
1362 1614 1455 1675 Eg-

130 1692 393 1745 mondanO,
435 1693 541 1738 viro
581 1701 776 1739 strenuo
811 1710 867 1739 ac
904 1695 1120 1745 cordato,
1158 1702 1207 1739 et
1257 1710 1456 1739 eonsen-

130 1772 359 1818 tientibus
395 1772 605 1816 omnium
637 1773 934 1833 propemodo
966 1772 1159 1821 Gelriae
1197 1789 1455 1834 procerum

130 1853 282 1904 votis,
316 1853 789 1899 Ruremundensibus
831 1855 1062 1915 exceptis,
1097 1855 1183 1915 qui
1229 1853 1456 1915 Adolpho

128 1932 388 1977 Juliacensi
434 1931 774 1977 adhaerescere
827 1933 1142 1985 videbantur,
1202 1950 1297 1979 non
1351 1934 1452 1979 filio

129 2020 312 2058 tantum
356 2012 530 2056 minori
575 2012 820 2064 Arnoldo'‚
863 2013 945 2058 sed
988 2014 1201 2059 universi
1241 2015 1452 2059 Ducatus

130 2107 186 2136 ac
224 2091 484 2137 Comitatus
537 2100 667 2136 tutor
719 2101 790 2136 est
835 2092 1127 2146 declaratus,
1179 2094 1454 2139 conditione

129 2186 185 2215 ac
234 2169 416 2231 legibus
455 2170 610 2215 certis.
676 2169 879 2215 Uxorem
917 2187 1040 2216 anno
1100 2170 1247 2225 1423,
1299 2173 1446 2234 idque

127 2265 384 2309 procerum
421 2258 470 2295 et
505 2257 782 2311 agnatorum
822 2267 1016 2295 suorum
1050 2253 1276 2306 consilio,
1314 2254 1450 2299 duxit

128 2328 234 2374 Dux
258 2328 503 2375 Arnoldus
532 2329 831 2374 catharinam
850 2364 859 2381 ,
892 2329 1106 2393 Adolphi
1141 2332 1317 2378 Cliviae
1351 2333 1450 2376 Du-

132 2408 197 2452 cis
234 2408 404 2461 filiam,
463 2416 622 2454 natam
667 2417 818 2454 matre
868 2411 1017 2455 Maria
1072 2411 1169 2456 filia
1219 2411 1449 2456 Johannis

130 2487 366 2549 lutrepidi
406 2489 551 2535 Ducis
592 2487 911 2549 Burgundiae.
975 2490 1105 2536 Haec
1154 2506 1327 2536 annum
1372 2493 1446 2535 vix

130 2566 296 2611 aetatis
343 2575 560 2623 octavum
607 2575 707 2612 tum
753 2577 1033 2620 excesserat,
1077 2577 1228 2614 mater
1277 2570 1445 2615 exinde

131 2646 252 2690 facta
280 2645 514 2705 plurium,
547 2654 602 2691 ut
637 2663 719 2690 suo
769 2647 873 2691 loeo
927 2647 1208 2699 referemus,
1262 2648 1444 2692 utrius-

1042 2726 1101 2771 10
