<?xml version="1.0" encoding="UTF-8"?>
<!DOCTYPE html PUBLIC "-//W3C//DTD XHTML 1.0 Transitional//EN"
    "http://www.w3.org/TR/xhtml1/DTD/xhtml1-transitional.dtd">
<html xmlns="http://www.w3.org/1999/xhtml" xml:lang="en" lang="en">
 <head>
  <title>
</title>
<meta http-equiv="Content-Type" content="text/html;charset=utf-8" />
  <meta name='ocr-system' content='tesseract 3.04.00' />
  <meta name='ocr-capabilities' content='ocr_page ocr_carea ocr_par ocr_line ocrx_word'/>
</head>
<body>
  <div class='ocr_page' id='page_1' title='image "./dissertatiohisto00thye_0044.png"; bbox 0 0 1811 3358; ppageno 0'>
   <div class='ocr_carea' id='block_1_1' title="bbox 874 228 934 275">
    <p class='ocr_par' dir='ltr' id='par_1_1' title="bbox 874 228 934 275">
     <span class='ocr_line' id='line_1_1' title="bbox 874 228 934 275; baseline -0.05 0"><span class='ocrx_word' id='word_1_1' title='bbox 874 228 934 275; x_wconf 82' lang='lat'>34</span> 
     </span>
    </p>
   </div>
   <div class='ocr_carea' id='block_1_2' title="bbox 234 358 1590 2642">
    <p class='ocr_par' dir='ltr' id='par_1_2' title="bbox 234 358 1590 2019">
     <span class='ocr_line' id='line_1_2' title="bbox 306 358 1586 420; baseline 0 -13"><span class='ocrx_word' id='word_1_2' title='bbox 306 364 419 408; x_wconf 83' lang='lat' dir='ltr'><strong>Post</strong></span> <span class='ocrx_word' id='word_1_3' title='bbox 456 368 659 405; x_wconf 83' lang='lat' dir='ltr'>mortem</span> <span class='ocrx_word' id='word_1_4' title='bbox 692 358 940 420; x_wconf 80' lang='lat' dir='ltr'>Rudolphi</span> <span class='ocrx_word' id='word_1_5' title='bbox 982 359 1295 420; x_wconf 85' lang='lat' dir='ltr'>Imperatoris</span> <span class='ocrx_word' id='word_1_6' title='bbox 1336 359 1586 408; x_wconf 77' lang='lat' dir='ltr'>Habsbur·</span> 
     </span>
     <span class='ocr_line' id='line_1_3' title="bbox 241 437 1582 501; baseline 0.001 -17"><span class='ocrx_word' id='word_1_7' title='bbox 241 442 306 501; x_wconf 78' lang='lat' dir='ltr'>gi,</span> <span class='ocrx_word' id='word_1_8' title='bbox 358 440 436 485; x_wconf 85' lang='lat' dir='ltr'>die</span> <span class='ocrx_word' id='word_1_9' title='bbox 475 439 530 485; x_wconf 94' lang='grc'>11</span> <span class='ocrx_word' id='word_1_10' title='bbox 568 438 682 484; x_wconf 84' lang='lat' dir='ltr'>Julii</span> <span class='ocrx_word' id='word_1_11' title='bbox 719 439 831 484; x_wconf 86' lang='lat' dir='ltr'>anni</span> <span class='ocrx_word' id='word_1_12' title='bbox 871 437 1011 490; x_wconf 85' lang='lat'>1291,</span> <span class='ocrx_word' id='word_1_13' title='bbox 1061 438 1242 483; x_wconf 73' lang='lat' dir='ltr'>electus</span> <span class='ocrx_word' id='word_1_14' title='bbox 1288 448 1359 485; x_wconf 84' lang='lat' dir='ltr'>est</span> <span class='ocrx_word' id='word_1_15' title='bbox 1389 440 1582 487; x_wconf 79' lang='lat' dir='ltr'>Reinal-</span> 
     </span>
     <span class='ocr_line' id='line_1_4' title="bbox 234 517 1587 578; baseline 0.001 -14"><span class='ocrx_word' id='word_1_16' title='bbox 234 519 322 564; x_wconf 89' lang='lat' dir='ltr'>dus</span> <span class='ocrx_word' id='word_1_17' title='bbox 375 536 403 564; x_wconf 90' lang='lat' dir='ltr'>a</span> <span class='ocrx_word' id='word_1_18' title='bbox 454 517 645 566; x_wconf 81' lang='lat' dir='ltr'>Gelder.</span> <span class='ocrx_word' id='word_1_19' title='bbox 711 518 806 563; x_wconf 89' lang='lat' dir='ltr'>Sed</span> <span class='ocrx_word' id='word_1_20' title='bbox 866 519 948 563; x_wconf 75' lang='lat' dir='ltr'>ille</span> <span class='ocrx_word' id='word_1_21' title='bbox 1035 517 1316 578; x_wconf 81' lang='lat' dir='ltr'>dignitatem</span> <span class='ocrx_word' id='word_1_22' title='bbox 1381 519 1587 565; x_wconf 86' lang='lat' dir='ltr'>oblatam</span> 
     </span>
     <span class='ocr_line' id='line_1_5' title="bbox 244 597 1587 660; baseline 0.001 -16"><span class='ocrx_word' id='word_1_23' title='bbox 244 615 342 644; x_wconf 89' lang='lat' dir='ltr'>non</span> <span class='ocrx_word' id='word_1_24' title='bbox 385 598 590 660; x_wconf 83' lang='lat' dir='ltr'>aceepit3</span> <span class='ocrx_word' id='word_1_25' title='bbox 644 597 823 643; x_wconf 83' lang='lat' dir='ltr'>electus</span> <span class='ocrx_word' id='word_1_26' title='bbox 864 605 935 642; x_wconf 85' lang='lat' dir='ltr'>est</span> <span class='ocrx_word' id='word_1_27' title='bbox 979 597 1127 658; x_wconf 82' lang='lat' dir='ltr'>igitur</span> <span class='ocrx_word' id='word_1_28' title='bbox 1176 598 1428 660; x_wconf 89' lang='lat' dir='ltr'>Adolphus</span> <span class='ocrx_word' id='word_1_29' title='bbox 1471 600 1587 646; x_wconf 87' lang='lat' dir='ltr'>Nas-</span> 
     </span>
     <span class='ocr_line' id='line_1_6' title="bbox 246 677 1588 740; baseline 0.001 -16"><span class='ocrx_word' id='word_1_30' title='bbox 246 680 401 724; x_wconf 89' lang='lat' dir='ltr'>savius</span> <span class='ocrx_word' id='word_1_31' title='bbox 435 678 513 723; x_wconf 69' lang='lat' dir='ltr'>«tie</span> <span class='ocrx_word' id='word_1_32' title='bbox 555 678 617 725; x_wconf 86' lang='lat'>20</span> <span class='ocrx_word' id='word_1_33' title='bbox 646 678 760 739; x_wconf 81' lang='lat' dir='ltr'>Maji</span> <span class='ocrx_word' id='word_1_34' title='bbox 796 677 920 723; x_wconf 79' lang='grc'>1292</span> <span class='ocrx_word' id='word_1_35' title='bbox 964 687 1012 723; x_wconf 84' lang='lat' dir='ltr'>et</span> <span class='ocrx_word' id='word_1_36' title='bbox 1056 678 1377 724; x_wconf 84' lang='lat' dir='ltr'>coronabatur</span> <span class='ocrx_word' id='word_1_37' title='bbox 1410 679 1588 740; x_wconf 90' lang='lat' dir='ltr'>Aquis-</span> 
     </span>
     <span class='ocr_line' id='line_1_7' title="bbox 255 757 1590 821; baseline 0.001 -17"><span class='ocrx_word' id='word_1_38' title='bbox 255 762 388 821; x_wconf 84' lang='lat' dir='ltr'>grani</span> <span class='ocrx_word' id='word_1_39' title='bbox 426 760 504 805; x_wconf 85' lang='lat' dir='ltr'>die</span> <span class='ocrx_word' id='word_1_40' title='bbox 547 757 608 804; x_wconf 79' lang='lat'>24</span> <span class='ocrx_word' id='word_1_41' title='bbox 645 759 777 804; x_wconf 83' lang='lat' dir='ltr'>Junii</span> <span class='ocrx_word' id='word_1_42' title='bbox 821 759 934 803; x_wconf 84' lang='lat' dir='ltr'>anni</span> <span class='ocrx_word' id='word_1_43' title='bbox 984 758 1212 819; x_wconf 83' lang='lat' dir='ltr'>ejusdem.</span> <span class='ocrx_word' id='word_1_44' title='bbox 1279 760 1366 805; x_wconf 85' lang='lat' dir='ltr'>Die</span> <span class='ocrx_word' id='word_1_45' title='bbox 1411 760 1467 806; x_wconf 89' lang='grc'>21</span> <span class='ocrx_word' id='word_1_46' title='bbox 1506 761 1590 806; x_wconf 86' lang='lat' dir='ltr'>Ja-</span> 
     </span>
     <span class='ocr_line' id='line_1_8' title="bbox 250 837 1589 899; baseline -0.001 -14"><span class='ocrx_word' id='word_1_47' title='bbox 250 840 408 885; x_wconf 86' lang='lat' dir='ltr'>nuarii</span> <span class='ocrx_word' id='word_1_48' title='bbox 459 839 571 884; x_wconf 79' lang='lat' dir='ltr'>anni</span> <span class='ocrx_word' id='word_1_49' title='bbox 627 837 751 884; x_wconf 83' lang='lat'>1295</span> <span class='ocrx_word' id='word_1_50' title='bbox 814 837 1076 883; x_wconf 79' lang='lat' dir='ltr'>declaravit</span> <span class='ocrx_word' id='word_1_51' title='bbox 1127 839 1396 899; x_wconf 79' lang='lat' dir='ltr'>Imperator</span> <span class='ocrx_word' id='word_1_52' title='bbox 1438 839 1589 885; x_wconf 91' lang='lat' dir='ltr'>Adol-</span> 
     </span>
     <span class='ocr_line' id='line_1_9' title="bbox 253 916 1585 981; baseline -0.001 -17"><span class='ocrx_word' id='word_1_53' title='bbox 253 920 377 981; x_wconf 75' lang='lat' dir='ltr'>pbus</span> <span class='ocrx_word' id='word_1_54' title='bbox 413 928 467 965; x_wconf 88' lang='lat' dir='ltr'>ut</span> <span class='ocrx_word' id='word_1_55' title='bbox 507 919 550 963; x_wconf 87' lang='lat' dir='ltr'>si</span> <span class='ocrx_word' id='word_1_56' title='bbox 582 917 843 962; x_wconf 82' lang='lat' dir='ltr'>moriretur</span> <span class='ocrx_word' id='word_1_57' title='bbox 878 916 1160 969; x_wconf 79' lang='lat' dir='ltr'>Reinaldus,</span> <span class='ocrx_word' id='word_1_58' title='bbox 1211 916 1338 963; x_wconf 90' lang='lat' dir='ltr'>filius</span> <span class='ocrx_word' id='word_1_59' title='bbox 1369 918 1473 978; x_wconf 86' lang='lat' dir='ltr'>ejus</span> <span class='ocrx_word' id='word_1_60' title='bbox 1502 934 1585 963; x_wconf 88' lang='lat' dir='ltr'>na-</span> 
     </span>
     <span class='ocr_line' id='line_1_10' title="bbox 255 996 1585 1057; baseline 0 -14"><span class='ocrx_word' id='word_1_61' title='bbox 255 1007 307 1043; x_wconf 86' lang='lat' dir='ltr'>tu</span> <span class='ocrx_word' id='word_1_62' title='bbox 359 999 539 1057; x_wconf 82' lang='lat' dir='ltr'>major,</span> <span class='ocrx_word' id='word_1_63' title='bbox 599 999 642 1043; x_wconf 85' lang='lat' dir='ltr'>ei</span> <span class='ocrx_word' id='word_1_64' title='bbox 696 996 975 1041; x_wconf 81' lang='lat' dir='ltr'><strong>succederet</strong></span> <span class='ocrx_word' id='word_1_65' title='bbox 1034 998 1084 1042; x_wconf 91' lang='lat' dir='ltr'>in</span> <span class='ocrx_word' id='word_1_66' title='bbox 1139 998 1358 1043; x_wconf 88' lang='lat' dir='ltr'>omnibus</span> <span class='ocrx_word' id='word_1_67' title='bbox 1418 998 1585 1044; x_wconf 78' lang='lat' dir='ltr'>feudis.</span> 
     </span>
     <span class='ocr_line' id='line_1_11' title="bbox 248 1074 1587 1139; baseline 0.001 -18"><span class='ocrx_word' id='word_1_68' title='bbox 248 1078 503 1139; x_wconf 80' lang='lat' dir='ltr'>Adolphus</span> <span class='ocrx_word' id='word_1_69' title='bbox 537 1085 697 1123; x_wconf 83' lang='lat' dir='ltr'>autem</span> <span class='ocrx_word' id='word_1_70' title='bbox 741 1076 919 1121; x_wconf 84' lang='lat' dir='ltr'>oceidit</span> <span class='ocrx_word' id='word_1_71' title='bbox 955 1091 1078 1120; x_wconf 80' lang='lat' dir='ltr'>anno</span> <span class='ocrx_word' id='word_1_72' title='bbox 1119 1074 1261 1127; x_wconf 76' lang='lat'>1299,</span> <span class='ocrx_word' id='word_1_73' title='bbox 1314 1083 1362 1120; x_wconf 88' lang='lat' dir='ltr'>et</span> <span class='ocrx_word' id='word_1_74' title='bbox 1402 1093 1587 1123; x_wconf 85' lang='lat' dir='ltr'>sueces-</span> 
     </span>
     <span class='ocr_line' id='line_1_12' title="bbox 253 1154 1587 1216; baseline 0.001 -15"><span class='ocrx_word' id='word_1_75' title='bbox 253 1173 407 1201; x_wconf 82' lang='lat' dir='ltr'>sorem</span> <span class='ocrx_word' id='word_1_76' title='bbox 449 1157 620 1202; x_wconf 84' lang='lat' dir='ltr'>hahuit</span> <span class='ocrx_word' id='word_1_77' title='bbox 664 1156 918 1201; x_wconf 85' lang='lat' dir='ltr'>Albertum</span> <span class='ocrx_word' id='word_1_78' title='bbox 956 1154 1262 1200; x_wconf 79' lang='lat' dir='ltr'>Austriacum</span> <span class='ocrx_word' id='word_1_79' title='bbox 1309 1157 1395 1216; x_wconf 83' lang='lat' dir='ltr'>qui</span> <span class='ocrx_word' id='word_1_80' title='bbox 1429 1165 1587 1203; x_wconf 81' lang='lat' dir='ltr'>tamen</span> 
     </span>
     <span class='ocr_line' id='line_1_13' title="bbox 251 1237 1585 1298; baseline 0.001 -17"><span class='ocrx_word' id='word_1_81' title='bbox 251 1245 435 1282; x_wconf 82' lang='lat' dir='ltr'>tantum</span> <span class='ocrx_word' id='word_1_82' title='bbox 481 1246 661 1298; x_wconf 86' lang='lat' dir='ltr'>septem</span> <span class='ocrx_word' id='word_1_83' title='bbox 710 1254 856 1282; x_wconf 84' lang='lat' dir='ltr'>annos</span> <span class='ocrx_word' id='word_1_84' title='bbox 910 1237 1154 1296; x_wconf 71' lang='lat' dir='ltr'>regnavit,</span> <span class='ocrx_word' id='word_1_85' title='bbox 1206 1251 1314 1279; x_wconf 79' lang='lat' dir='ltr'>narn</span> <span class='ocrx_word' id='word_1_86' title='bbox 1369 1246 1585 1282; x_wconf 85' lang='lat' dir='ltr'>mortuus</span> 
     </span>
     <span class='ocr_line' id='line_1_14' title="bbox 253 1314 1584 1375; baseline -0.001 -14"><span class='ocrx_word' id='word_1_87' title='bbox 253 1325 324 1361; x_wconf 78' lang='lat' dir='ltr'>est</span> <span class='ocrx_word' id='word_1_88' title='bbox 375 1332 498 1362; x_wconf 88' lang='lat' dir='ltr'>anno</span> <span class='ocrx_word' id='word_1_89' title='bbox 545 1315 696 1371; x_wconf 75' lang='lat'>13063</span> <span class='ocrx_word' id='word_1_90' title='bbox 750 1316 892 1375; x_wconf 84' lang='lat' dir='ltr'>eique</span> <span class='ocrx_word' id='word_1_91' title='bbox 938 1315 1162 1360; x_wconf 82' lang='lat' dir='ltr'>successit</span> <span class='ocrx_word' id='word_1_92' title='bbox 1211 1314 1446 1360; x_wconf 84' lang='lat' dir='ltr'>Heni·ieus</span> <span class='ocrx_word' id='word_1_93' title='bbox 1494 1317 1584 1361; x_wconf 90' lang='lat' dir='ltr'>h-u-</span> 
     </span>
     <span class='ocr_line' id='line_1_15' title="bbox 239 1395 1586 1456; baseline 0.001 -16"><span class='ocrx_word' id='word_1_94' title='bbox 239 1397 320 1456; x_wconf 73' lang='lat' dir='ltr'>jus</span> <span class='ocrx_word' id='word_1_95' title='bbox 366 1396 569 1441; x_wconf 84' lang='lat' dir='ltr'>nominis</span> <span class='ocrx_word' id='word_1_96' title='bbox 625 1395 898 1455; x_wconf 73' lang='lat' dir='ltr'>imperator</span> <span class='ocrx_word' id='word_1_97' title='bbox 952 1397 1204 1456; x_wconf 77' lang='lat' dir='ltr'>septimuS,</span> <span class='ocrx_word' id='word_1_98' title='bbox 1257 1395 1420 1440; x_wconf 80' lang='lat' dir='ltr'>Comes</span> <span class='ocrx_word' id='word_1_99' title='bbox 1471 1396 1586 1441; x_wconf 87' lang='lat' dir='ltr'>Lut-</span> 
     </span>
     <span class='ocr_line' id='line_1_16' title="bbox 246 1475 1584 1537; baseline 0.001 -15"><span class='ocrx_word' id='word_1_100' title='bbox 246 1478 559 1537; x_wconf 55' lang='lat' dir='ltr'>seburgensi&amp;</span> <span class='ocrx_word' id='word_1_101' title='bbox 625 1476 704 1521; x_wconf 78' lang='lat' dir='ltr'>Ab</span> <span class='ocrx_word' id='word_1_102' title='bbox 743 1493 799 1521; x_wconf 92' lang='lat' dir='ltr'>eo</span> <span class='ocrx_word' id='word_1_103' title='bbox 846 1477 1034 1537; x_wconf 84' lang='lat' dir='ltr'>aceepit</span> <span class='ocrx_word' id='word_1_104' title='bbox 1078 1475 1340 1521; x_wconf 77' lang='lat' dir='ltr'>Reinaldus</span> <span class='ocrx_word' id='word_1_105' title='bbox 1379 1476 1459 1536; x_wconf 73' lang='lat' dir='ltr'>jus</span> <span class='ocrx_word' id='word_1_106' title='bbox 1508 1493 1584 1523; x_wconf 84' lang='lat' dir='ltr'>ca-</span> 
     </span>
     <span class='ocr_line' id='line_1_17' title="bbox 247 1555 1585 1602; baseline -0.001 0"><span class='ocrx_word' id='word_1_107' title='bbox 247 1559 367 1602; x_wconf 67' lang='lat' dir='ltr'>naiis</span> <span class='ocrx_word' id='word_1_108' title='bbox 442 1555 654 1602; x_wconf 81' lang='lat' dir='ltr'>fodiendi</span> <span class='ocrx_word' id='word_1_109' title='bbox 723 1557 849 1600; x_wconf 83' lang='lat' dir='ltr'>inter</span> <span class='ocrx_word' id='word_1_110' title='bbox 911 1556 1208 1600; x_wconf 79' lang='lat' dir='ltr'>Arnhemum</span> <span class='ocrx_word' id='word_1_111' title='bbox 1273 1563 1321 1600; x_wconf 87' lang='lat' dir='ltr'>et</span> <span class='ocrx_word' id='word_1_112' title='bbox 1386 1556 1585 1602; x_wconf 89' lang='lat' dir='ltr'>Neoma-</span> 
     </span>
     <span class='ocr_line' id='line_1_18' title="bbox 245 1633 1582 1698; baseline -0.001 -17"><span class='ocrx_word' id='word_1_113' title='bbox 245 1653 378 1698; x_wconf 81' lang='lat' dir='ltr'>gum,</span> <span class='ocrx_word' id='word_1_114' title='bbox 432 1645 480 1682; x_wconf 91' lang='lat' dir='ltr'>et</span> <span class='ocrx_word' id='word_1_115' title='bbox 527 1637 670 1682; x_wconf 86' lang='lat' dir='ltr'>etiam</span> <span class='ocrx_word' id='word_1_116' title='bbox 714 1635 1053 1697; x_wconf 82' lang='lat' dir='ltr'>imponebatur</span> <span class='ocrx_word' id='word_1_117' title='bbox 1089 1633 1202 1678; x_wconf 85' lang='lat' dir='ltr'>huic</span> <span class='ocrx_word' id='word_1_118' title='bbox 1247 1635 1400 1679; x_wconf 80' lang='lat' dir='ltr'>canali</span> <span class='ocrx_word' id='word_1_119' title='bbox 1433 1635 1582 1680; x_wconf 79' lang='lat' dir='ltr'>veeti-</span> 
     </span>
     <span class='ocr_line' id='line_1_19' title="bbox 247 1713 1582 1777; baseline -0.003 -15"><span class='ocrx_word' id='word_1_120' title='bbox 247 1718 322 1777; x_wconf 82' lang='lat' dir='ltr'>gal</span> <span class='ocrx_word' id='word_1_121' title='bbox 380 1716 620 1761; x_wconf 71' lang='lat' dir='ltr'>modicum</span> <span class='ocrx_word' id='word_1_122' title='bbox 671 1716 748 1762; x_wconf 84' lang='lat' dir='ltr'>die</span> <span class='ocrx_word' id='word_1_123' title='bbox 807 1716 866 1761; x_wconf 83' lang='lat'>19</span> <span class='ocrx_word' id='word_1_124' title='bbox 931 1714 1223 1776; x_wconf 80' lang='lat' dir='ltr'>Septembris</span> <span class='ocrx_word' id='word_1_125' title='bbox 1280 1715 1391 1758; x_wconf 84' lang='lat' dir='ltr'>anni</span> <span class='ocrx_word' id='word_1_126' title='bbox 1445 1713 1582 1761; x_wconf 83' lang='lat'>1309.</span> 
     </span>
     <span class='ocr_line' id='line_1_20' title="bbox 245 1793 1582 1858; baseline -0.002 -16"><span class='ocrx_word' id='word_1_127' title='bbox 245 1797 333 1842; x_wconf 82' lang='lat' dir='ltr'>Die</span> <span class='ocrx_word' id='word_1_128' title='bbox 401 1796 458 1843; x_wconf 91' lang='lat'>17</span> <span class='ocrx_word' id='word_1_129' title='bbox 520 1797 679 1841; x_wconf 85' lang='lat' dir='ltr'>Martii</span> <span class='ocrx_word' id='word_1_130' title='bbox 739 1796 932 1858; x_wconf 83' lang='lat' dir='ltr'>accepit</span> <span class='ocrx_word' id='word_1_131' title='bbox 980 1794 1176 1840; x_wconf 82' lang='lat' dir='ltr'>feudum</span> <span class='ocrx_word' id='word_1_132' title='bbox 1236 1793 1461 1840; x_wconf 84' lang='lat' dir='ltr'>Velaviae</span> <span class='ocrx_word' id='word_1_133' title='bbox 1522 1793 1582 1839; x_wconf 89' lang='lat' dir='ltr'>ab</span> 
     </span>
     <span class='ocr_line' id='line_1_21' title="bbox 246 1872 1584 1939; baseline -0.003 -16"><span class='ocrx_word' id='word_1_134' title='bbox 246 1878 484 1939; x_wconf 82' lang='lat' dir='ltr'>Episcopo</span> <span class='ocrx_word' id='word_1_135' title='bbox 518 1873 740 1922; x_wconf 84' lang='lat' dir='ltr'>Guidono</span> <span class='ocrx_word' id='word_1_136' title='bbox 777 1874 1141 1934; x_wconf 78' lang='lat' dir='ltr'>Ultrajeetensi,</span> <span class='ocrx_word' id='word_1_137' title='bbox 1190 1872 1322 1934; x_wconf 89' lang='lat' dir='ltr'>quod</span> <span class='ocrx_word' id='word_1_138' title='bbox 1351 1881 1458 1934; x_wconf 86' lang='lat' dir='ltr'>post</span> <span class='ocrx_word' id='word_1_139' title='bbox 1490 1873 1584 1919; x_wconf 78' lang='lat' dir='ltr'>hoo</span> 
     </span>
     <span class='ocr_line' id='line_1_22' title="bbox 244 1952 1579 2019; baseline -0.005 -16"><span class='ocrx_word' id='word_1_140' title='bbox 244 1967 429 2019; x_wconf 81' lang='lat' dir='ltr'>tempus</span> <span class='ocrx_word' id='word_1_141' title='bbox 475 1973 571 2001; x_wconf 88' lang='lat' dir='ltr'>non</span> <span class='ocrx_word' id='word_1_142' title='bbox 619 1956 822 2016; x_wconf 84' lang='lat' dir='ltr'>amplius</span> <span class='ocrx_word' id='word_1_143' title='bbox 869 1953 1110 2015; x_wconf 87' lang='lat' dir='ltr'>pertinuit</span> <span class='ocrx_word' id='word_1_144' title='bbox 1155 1952 1215 1998; x_wconf 89' lang='lat' dir='ltr'>ad</span> <span class='ocrx_word' id='word_1_145' title='bbox 1262 1952 1579 1997; x_wconf 77' lang='lat' dir='ltr'>Brabantiam,</span> 
     </span>
    </p>

    <p class='ocr_par' dir='ltr' id='par_1_3' title="bbox 240 2032 1580 2642">
     <span class='ocr_line' id='line_1_23' title="bbox 309 2032 1580 2099; baseline -0.005 -16"><span class='ocrx_word' id='word_1_146' title='bbox 309 2038 596 2099; x_wconf 83' lang='lat' dir='ltr'>Imperatori</span> <span class='ocrx_word' id='word_1_147' title='bbox 636 2036 846 2080; x_wconf 86' lang='lat' dir='ltr'>Henrieo</span> <span class='ocrx_word' id='word_1_148' title='bbox 886 2050 1037 2079; x_wconf 89' lang='lat' dir='ltr'>annus</span> <span class='ocrx_word' id='word_1_149' title='bbox 1075 2032 1198 2080; x_wconf 83' lang='lat'>1313</span> <span class='ocrx_word' id='word_1_150' title='bbox 1234 2033 1446 2078; x_wconf 76' lang='lat' dir='ltr'>funestus</span> <span class='ocrx_word' id='word_1_151' title='bbox 1477 2033 1580 2093; x_wconf 84' lang='lat' dir='ltr'>pla-</span> 
     </span>
     <span class='ocr_line' id='line_1_24' title="bbox 240 2114 1578 2174; baseline -0.003 -13"><span class='ocrx_word' id='word_1_152' title='bbox 240 2134 302 2161; x_wconf 81' lang='lat' dir='ltr'>ne</span> <span class='ocrx_word' id='word_1_153' title='bbox 341 2126 390 2162; x_wconf 91' lang='lat' dir='ltr'>et</span> <span class='ocrx_word' id='word_1_154' title='bbox 437 2116 589 2161; x_wconf 63' lang='lat' dir='ltr'>fatalis</span> <span class='ocrx_word' id='word_1_155' title='bbox 624 2114 825 2170; x_wconf 82' lang='lat' dir='ltr'>accidit3</span> <span class='ocrx_word' id='word_1_156' title='bbox 901 2120 1016 2158; x_wconf 92' lang='lat' dir='ltr'>tune</span> <span class='ocrx_word' id='word_1_157' title='bbox 1065 2114 1189 2158; x_wconf 84' lang='lat' dir='ltr'>enim</span> <span class='ocrx_word' id='word_1_158' title='bbox 1235 2114 1346 2174; x_wconf 87' lang='lat' dir='ltr'>pani</span> <span class='ocrx_word' id='word_1_159' title='bbox 1395 2128 1578 2157; x_wconf 85' lang='lat' dir='ltr'>veneno</span> 
     </span>
     <span class='ocr_line' id='line_1_25' title="bbox 242 2192 1579 2245; baseline -0.004 -4"><span class='ocrx_word' id='word_1_160' title='bbox 242 2197 445 2241; x_wconf 75' lang='lat' dir='ltr'>admixto</span> <span class='ocrx_word' id='word_1_161' title='bbox 506 2195 796 2245; x_wconf 79' lang='lat' dir='ltr'>Beneventi,</span> <span class='ocrx_word' id='word_1_162' title='bbox 849 2195 898 2237; x_wconf 92' lang='lat' dir='ltr'>in</span> <span class='ocrx_word' id='word_1_163' title='bbox 948 2193 1089 2238; x_wconf 85' lang='lat' dir='ltr'>Italia</span> <span class='ocrx_word' id='word_1_164' title='bbox 1134 2210 1160 2237; x_wconf 93' lang='lat' dir='ltr'>a</span> <span class='ocrx_word' id='word_1_165' title='bbox 1211 2192 1470 2244; x_wconf 82' lang='lat' dir='ltr'>Monacho,</span> <span class='ocrx_word' id='word_1_166' title='bbox 1521 2199 1579 2235; x_wconf 89' lang='lat' dir='ltr'>ut</span> 
     </span>
     <span class='ocr_line' id='line_1_26' title="bbox 244 2271 1580 2327; baseline -0.004 -8"><span class='ocrx_word' id='word_1_167' title='bbox 244 2278 427 2327; x_wconf 62' lang='lat' dir='ltr'>(imunt,</span> <span class='ocrx_word' id='word_1_168' title='bbox 481 2274 778 2318; x_wconf 72' lang='lat' dir='ltr'>Rerum-diuo</span> <span class='ocrx_word' id='word_1_169' title='bbox 818 2273 1003 2318; x_wconf 78' lang='lat' dir='ltr'>nefarie</span> <span class='ocrx_word' id='word_1_170' title='bbox 1046 2273 1258 2319; x_wconf 85' lang='lat' dir='ltr'>sublatus</span> <span class='ocrx_word' id='word_1_171' title='bbox 1292 2281 1376 2318; x_wconf 87' lang='lat' dir='ltr'>est.</span> <span class='ocrx_word' id='word_1_172' title='bbox 1442 2271 1580 2316; x_wconf 86' lang='lat' dir='ltr'>Vari-</span> 
     </span>
     <span class='ocr_line' id='line_1_27' title="bbox 245 2352 1579 2413; baseline -0.005 -12"><span class='ocrx_word' id='word_1_173' title='bbox 245 2357 433 2401; x_wconf 61' lang='lat' dir='ltr'>antibus</span> <span class='ocrx_word' id='word_1_174' title='bbox 477 2364 589 2400; x_wconf 76' lang='lat' dir='ltr'>tune</span> <span class='ocrx_word' id='word_1_175' title='bbox 628 2354 709 2398; x_wconf 83' lang='lat' dir='ltr'>diu</span> <span class='ocrx_word' id='word_1_176' title='bbox 758 2355 1025 2406; x_wconf 58' lang='lat' dir='ltr'>mutemus,</span> <span class='ocrx_word' id='word_1_177' title='bbox 1074 2355 1237 2413; x_wconf 81' lang='lat' dir='ltr'>ecqui-s</span> <span class='ocrx_word' id='word_1_178' title='bbox 1285 2352 1343 2397; x_wconf 88' lang='lat' dir='ltr'>ad</span> <span class='ocrx_word' id='word_1_179' title='bbox 1390 2352 1579 2411; x_wconf 85' lang='lat' dir='ltr'>imperii</span> 
     </span>
     <span class='ocr_line' id='line_1_28' title="bbox 247 2430 1577 2495; baseline -0.005 -15"><span class='ocrx_word' id='word_1_180' title='bbox 247 2438 431 2480; x_wconf 63' lang='lat' dir='ltr'>cubum</span> <span class='ocrx_word' id='word_1_181' title='bbox 475 2433 825 2495; x_wconf 73' lang='lat' dir='ltr'>promovendus</span> <span class='ocrx_word' id='word_1_182' title='bbox 861 2432 1131 2487; x_wconf 64' lang='lat' dir='ltr'>videretur3</span> <span class='ocrx_word' id='word_1_183' title='bbox 1183 2431 1371 2476; x_wconf 89' lang='lat' dir='ltr'>tandem</span> <span class='ocrx_word' id='word_1_184' title='bbox 1407 2430 1577 2475; x_wconf 75' lang='lat' dir='ltr'>suffra-</span> 
     </span>
     <span class='ocr_line' id='line_1_29' title="bbox 246 2508 1578 2573; baseline -0.006 -13"><span class='ocrx_word' id='word_1_185' title='bbox 246 2533 315 2573; x_wconf 57' lang='lat' dir='ltr'>giu</span> <span class='ocrx_word' id='word_1_186' title='bbox 367 2516 517 2559; x_wconf 46' lang='lat' dir='ltr'>divisa</span> <span class='ocrx_word' id='word_1_187' title='bbox 578 2513 772 2557; x_wconf 60' lang='lat' dir='ltr'>suerunt</span> <span class='ocrx_word' id='word_1_188' title='bbox 826 2513 948 2556; x_wconf 83' lang='lat' dir='ltr'>inter</span> <span class='ocrx_word' id='word_1_189' title='bbox 1020 2510 1317 2556; x_wconf 78' lang='lat' dir='ltr'>Ludovicum</span> <span class='ocrx_word' id='word_1_190' title='bbox 1386 2508 1578 2555; x_wconf 79' lang='lat' dir='ltr'>Bavari-</span> 
     </span>
     <span class='ocr_line' id='line_1_30' title="bbox 246 2589 1575 2642; baseline -0.002 -8"><span class='ocrx_word' id='word_1_191' title='bbox 246 2612 350 2638; x_wconf 53' lang='lat' dir='ltr'>remu</span> <span class='ocrx_word' id='word_1_192' title='bbox 384 2603 423 2638; x_wconf 64' lang='lat' dir='ltr'>&#39;sl</span> <span class='ocrx_word' id='word_1_193' title='bbox 462 2592 764 2636; x_wconf 38' lang='lat' dir='ltr'>{uides-{cuin</span> <span class='ocrx_word' id='word_1_194' title='bbox 794 2590 1123 2642; x_wconf 75' lang='lat' dir='ltr'>Austriaeum,</span> <span class='ocrx_word' id='word_1_195' title='bbox 1173 2589 1364 2636; x_wconf 76' lang='lat' dir='ltr'>Alberti</span> <span class='ocrx_word' id='word_1_196' title='bbox 1412 2589 1575 2633; x_wconf 79' lang='lat' dir='ltr'>filium.</span> 
     </span>
    </p>
   </div>
  </div>
 </body>
</html>
