1811 3358
817 257 875 304 97

258 391 399 434 Anno
435 389 557 435 1528
588 388 914 435 Goriuclwmii
968 387 1131 431 foedus
1186 388 1358 431 sactum
1415 399 1510 441 cst,

189 471 315 514 inter
363 470 706 528 imperatorem
749 469 966 513 carolum
1014 467 1079 517 V,
1137 482 1293 526 regem
1344 469 1513 529 Hispa-

187 549 313 601 niae,
361 549 588 593 Comitem
634 548 935 598 Hollandiac,
979 547 1158 591 Ducem
1206 546 1508 600 Brabantiae,

185 635 234 672 et
260 627 478 673 Carolum
497 627 677 672 Ducem
709 627 898 673 Gelriac
916 646 924 681 ;
945 642 1042 685 quo
1067 626 1206 669 etiam
1234 626 1509 671 contineba-

184 715 264 752 tur
297 714 374 758 ut,
407 705 692 751 »deficiente
736 707 988 764 utriusque
1037 720 1171 748 sexus
1211 705 1360 765 stirpe
1397 703 1508 751 Gel-

183 788 314 830 »riac
354 802 409 829 ae
446 786 770 845 Zutphafflae,
818 783 1004 828 Caesari
1064 791 1146 827 aut
1194 784 1296 842 ejus
1348 785 1510 844 legiti-

183 865 303 909 »mis
338 864 622 908 Brabantiae
659 864 869 908 Ducatus
912 879 966 907 ac
1010 862 1269 908 Comitatus
1312 863 1508 908 110111111-

180 944 318 990 »diae
355 942 614 989 heredibus
651 943 1050 1002 relinqueretur'’
1101 949 1217 987 caet.
1286 942 1378 987 Sed
1424 959 1509 1003 pa-

181 1040 288 1070 rum
328 1032 620 1068 curaverunt
666 1022 756 1066 hoc
798 1021 962 1065 foedus
1012 1019 1170 1077 Gelri3
1206 1037 1313 1065 nam
1348 1038 1506 1067 mense

180 1104 426 1155 Januarii,
470 1119 593 1147 anno
632 1102 784 1154 1538,
834 1110 1026 1163 pactum
1070 1101 1293 1161 Neomagi
1335 1100 1510 1146 sactum

179 1191 274 1234 est,
310 1191 359 1228 et
402 1182 720 1242 subscriptum
752 1182 811 1226 ab
844 1182 1113 1232 ordinibus,
1154 1182 1279 1225 inter
1324 1181 1506 1224 Ducem

177 1259 368 1306 Gelriae
411 1267 460 1304 et
495 1259 671 1303 Cliviae
708 1259 769 1303 de
806 1260 1100 1304 successione
1138 1260 1348 1303 Ducatus
1393 1256 1506 1304 Gel-

177 1339 304 1395 riae3
339 1338 390 1382 in
427 1355 524 1398 quo
573 1346 714 1399 paeto
748 1346 975 1383 statutum
996 1374 1005 1390 ‚
1038 1347 1091 1383 ut
1137 1346 1247 1399 post
1281 1337 1505 1382 illustris-

177 1417 345 1461 simum
379 1418 645 1478 principem
690 1418 937 1468 carolum,
975 1418 1074 1462 sine
1118 1417 1327 1477 legitimo
1367 1417 1505 1476 prole

176 1503 417 1540 mortuum
484 1496 694 1541 Ducatus
746 1512 800 1541 ac
865 1496 1124 1541 Comitatus
1193 1496 1385 1542 Gelriae
1448 1511 1505 1541 ac

176 1574 470 1636 Zutphaniae
513 1591 608 1620 una
664 1591 771 1619 eum
830 1574 1092 1621 ditionibus
1140 1575 1396 1627 universis,
1446 1575 1506 1620 ad

171 1655 440 1715 principem
487 1653 856 1698 illustrissimum
888 1653 1197 1701 Guilielmum
1242 1656 1413 1700 Juliaci
1450 1673 1505 1701 ac

173 1735 347 1779 Cliviae
400 1741 490 1778 etc.
537 1734 780 1792 juniorem
812 1734 1013 1785 Ducem,
1066 1751 1224 1795 neque
1265 1735 1325 1780 ad
1359 1736 1505 1780 alium

172 1827 460 1873 quemquam
494 1811 771 1872 perveniret
807 1812 1029 1872 (caetera
1076 1813 1220 1871 hujus
1255 1814 1384 1873 pacti
1418 1814 1503 1858 ha-

170 1893 255 1938 bet
282 1893 525 1938 Pontanus
559 1890 658 1935 Lib.
691 1891 755 1935 Xl
790 1907 833 1950 p,
869 1891 963 1938 788
996 1895 1118 1951 seq.)

233 1972 294 2018 Et
333 1972 500 2018 eodem
538 1988 643 2016 mox
690 1988 813 2016 anno
868 1972 1150 2019 Guilielmus
1201 1990 1249 2017 sc
1302 1973 1504 2033 inaugu-

169 2067 274 2095 rare
324 2050 439 2095 fecit
489 2052 540 2095 in
585 2052 827 2096 nonnullis
876 2052 1178 2105 civitatibus,
1233 2054 1502 2097 inconsulto

169 2130 300 2174 Duce
340 2130 520 2176 Carole.
591 2130 724 2190 Quae
760 2146 909 2190 quum
940 2132 1247 2176 intellexisset
1279 2131 1498 2183 Carolus,

168 2209 421 2270 animoque
463 2217 733 2270 reputaret,
770 2227 867 2270 quo
893 2211 993 2270 jam
1028 2219 1150 2256 esset
1192 2212 1298 2257 loco
1332 2229 1499 2272 quam-

166 2305 262 2348 que
327 2289 461 2334 vivus
514 2288 775 2349 vidensque
828 2290 1229 2350 pessundaretur,
1291 2294 1376 2353 qui
1437 2309 1496 2337 ne

168 2369 433 2414 caesaribus
467 2369 662 2429 quidem
698 2370 810 2413 olim
855 2377 936 2414 aut
974 2370 1164 2431 regibus
1207 2372 1378 2429 subjici
1411 2388 1496 2431 po·-

168 2455 352 2500 tuerat,
389 2456 620 2509 concepto
663 2449 806 2492 animi
843 2464 1058 2493 moerore
1092 2448 1359 2508 morboque
1389 2456 1498 2493 ten-

170 2534 316 2579 tatus,
354 2527 603 2574 Arnhemii
637 2528 831 2573 Carolus
880 2529 1022 2580 obiit,
1068 2544 1175 2572 cum
1210 2543 1356 2573 annos
1400 2530 1497 2574 vix-

168 2612 277 2651 isset
331 2609 595 2669 sexaginta,
667 2608 808 2653 nullis
864 2625 917 2654 cx
980 2607 1180 2668 conjuge
1231 2608 1503 2653 Elisabetha

1075 2687 1134 2732 13
