1811 3358
918 295 981 338 60

291 443 404 474 num
430 433 680 487 praeterea
700 424 758 468 <lc
795 423 927 485 {Gy-113
961 424 1111 468 Lucas
1137 421 1196 467 de
1233 422 1400 482 Empel
1420 456 1430 475 ‚
1477 423 1631 486 Theo-

295 506 485 551 doricus
504 504 792 549 Muletenter
819 511 867 547 et
902 503 1144 563 Rutgerus
1172 501 1632 554 Boetzelarius,una

294 602 402 633 cum
433 583 721 631 clix-ensium
752 581 933 626 Comite
973 582 1192 642 Adolpho
1211 582 1413 642 aliisque
1433 582 1641 632 Neoma-‚

290 682 454 729 genses
489 665 538 708 in
581 661 882 707 eux-sionibus
913 663 1007 706 suis
1038 662 1237 707 assiduis
1273 662 1501 707 infestare
1533 677 1633 706 nonr

294 745 589 792 desinebant.

360 825 503 871 Anno
543 821 667 869 1379
703 821 806 865 Dux
826 820 999 865 Juliaci
1035 821 1260 882 deposuit
1295 821 1495 867 tutelam
1525 820 1635 873 filii,

295 906 382 967 qui
411 920 509 950 non
541 902 625 947 diu
653 907 760 961 post
801 900 1160 944 matrimonium
1191 900 1313 945 iniit.
1381 901 1517 947 Unde
1551 917 1637 962 pa-

294 1002 433 1036 rens,
487 980 672 1027 bellicis
721 995 916 1039 quoque
987 979 1171 1025 artibus
1225 980 1634 1026 assuefaciendum

294 1064 448 1108 filium
493 1069 648 1106 ratus.
691 1074 799 1103 eum
847 1059 897 1102 in
936 1059 1155 1103 militiam
1198 1074 1359 1103 seeum
1402 1060 1635 1104 assumsit.

292 1144 355 1189 Et
388 1143 595 1204 primum
637 1140 792 1185 adsuit
828 1138 1065 1183 obsidioni
1097 1138 1241 1183 castri
1273 1145 1322 1182 et
1356 1138 1524 1199 oppidi
1543 1137 1639 1185 Ge-

291 1224 543 1285 nepensis,
578 1221 711 1281 quod
750 1236 855 1264 mox
899 1219 989 1263 suit
1019 1219 1069 1262 in
1095 1225 1382 1279 potestatem
1417 1218 1520 1279 ejus
1557 1234 1632 1263 re-

294 1304 517 1359 daetum3
555 1301 810 1359 victorque
863 1297 1130 1344 Gulielmus
1178 1296 1332 1342 filium
1389 1299 1480 1344 sibi
1528 1315 1638 1360 eog-

293 1384 534 1429 nominem
575 1381 701 1426 bono
732 1380 887 1425 omine
912 1378 1165 1437 faustoque
1198 1385 1358 1423 tantae
1403 1378 1638 1424 victoriae

296 1463 539 1525 auspicio,
590 1462 789 1506 militem
835 1460 1112 1505 solemniter
1156 1465 1289 1503 creat
1339 1456 1637 1519 baltheoque

300 1544 460 1604 cingit.

364 1623 470 1668 Dux
505 1636 615 1664 usus
666 1636 813 1679 opera
852 1619 1149 1678 consilioque
1204 1620 1379 1679 patris,
1426 1618 1638 1664 Thielam

296 1717 541 1763 aggressus
572 1715 683 1744 suae
731 1697 981 1759 potestatis
1029 1697 1171 1749 fecit,
1206 1713 1261 1742 ac
1296 1713 1401 1742 mox
1437 1697 1497 1742 ab
1526 1714 1632 1741 om-

302 1783 469 1832 nibus,
507 1795 626 1840 quos
659 1778 727 1822 ibi
775 1777 991 1821 inimicos
1023 1783 1163 1821 antea
1198 1784 1419 1836 expertus
1456 1775 1637 1829 fuerat,

300 1861 520 1921 obsequii
551 1875 605 1904 ac
640 1857 882 1902 fidelitatis
911 1863 1255 1901 sacramentum
1301 1856 1498 1916 accepit.
1534 1855 1640 1900 Est-

300 1958 397 2003 que
440 1937 614 1985 deinde
647 1936 838 1984 Gelriae
890 1937 1063 1997 passim
1099 1936 1203 1981 Dux
1239 1952 1293 1980 ac
1320 1935 1483 1980 Comes
1524 1937 1639 1980 Zut-

299 2020 507 2082 phatniae
543 2018 726 2063 solenni
784 2017 881 2061 ritu
925 2033 952 2061 a
989 2015 1173 2060 eunetis
1216 2015 1536 2076 proclamatus
1582 2031 1637 2060 ac

301 2101 543 2145 salutatus.
612 2096 733 2141 Inde
778 2095 933 2146 idem,
970 2101 1112 2155 pacta
1149 2109 1297 2154 pace,
1343 2110 1398 2140 ae
1431 2095 1525 2140 late
1565 2093 1639 2139 di-

299 2180 485 2224 tionum
517 2194 709 2222 suarum
755 2176 1007 2222 territoriis
1059 2177 1387 2237 perlustratis,
1428 2175 1551 2221 nulli
1587 2190 1637 2220 se

301 2259 513 2320 partium
549 2256 754 2307 addixit,
810 2256 892 2301 sed
936 2271 1097 2300 omnes
1133 2257 1324 2301 omnino
1373 2256 1641 2317 aequaliter

299 2338 470 2383 habuit
506 2353 559 2381 ae
591 2337 866 2387 honoravit,
903 2336 1231 2382 demonstrans
1282 2353 1330 2382 se
1370 2336 1638 2397 principem

298 2418 506 2477 justum,
537 2418 669 2477 pium
711 2432 765 2460 ac
797 2425 1094 2461 mansuetum
1140 2418 1355 2462 futurum
1395 2415 1636 2471 omnibus5

302 2514 453 2556 quare
474 2497 646 2541 mirum
685 2498 733 2541 in
761 2496 954 2540 modum
989 2495 1290 2541 subditorum
1319 2497 1497 2542 animos
1529 2511 1637 2541 cum

304 2577 426 2620 inter
471 2593 517 2620 sc
539 2612 548 2628 ,
585 2585 685 2621 turn
721 2576 809 2622 sibi
844 2575 1126 2620 conciliavit.
