1811 3358
901 197 962 243 6&

271 329 508 378 dioecesin
568 327 919 379 coloniensem,
981 329 1215 389 jungente
1287 333 1412 376 socia
1475 348 1603 380 arma

272 406 636 457 Oosterbantiac
701 404 906 458 Comite,
978 407 1194 468 conjugis
1265 407 1368 468 ejus
1428 408 1605 464 fratre,

275 487 555 538 Guilielmo,
591 484 793 543 aliisque
825 485 940 530 viris
966 486 1227 539 nobilibus,
1262 503 1369 532 cum
1404 489 1611 535 instruc-

277 568 456 613 tissimo
522 566 770 625 equitatu,
833 567 1050 626 peditum
1109 568 1363 628 manipulis
1428 569 1613 629 aliquot

274 646 637 699 accedentibus,
675 647 1013 705 constituerat3
1044 648 1243 709 jamque
1273 649 1474 693 Stralam
1500 664 1613 710 per-

275 734 533 779 venerant,
585 727 768 771 illaturi
799 728 1011 789 episcopi
1043 745 1097 773 ac
1129 730 1218 773 toti
1253 729 1477 775 Dioeccsi
1510 728 1614 774 bel-

273 807 403 864 lum3
457 823 563 851 cum
614 822 781 866 pacem
832 808 1055 868 amplecti
1103 810 1297 869 praesul
1350 825 1496 869 seque
1543 809 1614 853 le-

277 888 412 948 gibus
453 887 619 946 aequis
659 885 939 931 submittere
972 887 1218 948 significat.
1269 888 1464 933 Causam
1499 889 1614 934 huic

275 966 352 1011 liti
397 967 688 1026 praebuerat
724 965 1001 1011 Tolbiacum
1043 969 1208 1029 (vulgo
1242 971 1275 1012 ’t
1310 970 1484 1030 Zulp);
1532 986 1616 1014 cu-

272 1045 354 1105 jus
392 1045 667 1104 jurisdictio
715 1054 763 1090 et
809 1045 1118 1106 praefectura
1164 1047 1225 1090 ad
1269 1064 1317 1093 se
1364 1049 1613 1108 pertinere

277 1123 600 1169 contendebat
642 1123 923 1170 Guiliclmus
968 1124 1086 1169 Dux.
1138 1125 1335 1170 Factum
1372 1133 1615 1186 postremo

277 1204 406 1248 inter
458 1211 688 1263 utrasque
756 1212 949 1264 pactum
1007 1221 1116 1250 eum
1173 1206 1223 1249 in
1282 1206 1504 1257 modum,
1557 1214 1613 1251 ut

277 1282 630 1345 praefecturam
658 1284 1033 1337 ToHoiacenscm,
1070 1302 1165 1331 una
1198 1302 1305 1330 cum
1334 1301 1463 1337 arce,
1498 1285 1614 1330 bur-

281 1379 340 1424 go
392 1371 537 1422 atque
589 1363 767 1423 oppido
815 1380 903 1409 nec
950 1381 1046 1409 non
1098 1365 1266 1410 eodem
1319 1365 1616 1425 pertinenti-

280 1442 370 1487 bus
414 1441 699 1492 territoriiS,
758 1442 1054 1502 praefectus,
1105 1443 1360 1503 utriusque
1424 1443 1614 1488 nomine

284 1521 654 1567 administraret.
745 1516 749 1521 ’

351 1601 523 1646 Ortum
569 1600 737 1643 eodem
788 1617 911 1642 anno
953 1602 1134 1643 bellum
1168 1603 1617 1662 Lutsenburgicum,

286 1680 491 1726 faciente
537 1677 586 1722 id
619 1679 799 1723 Comite
844 1679 1005 1723 Sancti
1041 1680 1190 1724 Pauli.
1238 1681 1328 1725 Hic
1366 1683 1492 1726 enim
1522 1698 1620 1727 ma-

288 1760 412 1804 ximo
458 1775 513 1803 ex
549 1756 696 1803 Gallis
719 1765 974 1802 contracto
1003 1759 1215 1803 exercitu
1249 1758 1473 1803 ducatum
1509 1759 1624 1804 Lut-

290 1835 953 1897 scnburgensemingressus,
1004 1838 1251 1884 devastare
1296 1856 1349 1884 ac
1390 1856 1501 1884 suae
1535 1856 1623 1901 po-

288 1917 473 1962 testatis
521 1915 678 1961 facere
727 1917 960 1970 instituit,
1007 1918 1290 1979 profligatis,
1345 1918 1621 1979 indictaque

290 1996 540 2041 inimicitia
591 1996 807 2040 omnibus
858 1998 1150 2058 quicumque
1203 2015 1228 2043 e
1287 1998 1450 2059 Belgio
1499 1998 1625 2046 Ger—

291 2076 544 2136 maniaque
581 2076 738 2121 vicina
775 2077 826 2120 in
870 2076 1119 2122 adversum
1166 2079 1453 2123 niterentur.
1499 2078 1626 2124 Hinc

291 2171 416 2201 anno
480 2153 604 2201 1400
653 2171 760 2200 cum
808 2155 909 2215 jam
964 2156 1277 2204 Wenceslaus
1327 2159 1623 2220 Imperator,

291 2236 408 2280 luxu
459 2252 512 2280 ac
563 2236 917 2296 voluptatibus,
967 2245 1094 2283 totus
1148 2256 1246 2284 sese
1303 2241 1625 2300 immergeret,

293 2312 537 2375 principes
586 2314 816 2358 electores
870 2315 1009 2361 rebus
1058 2317 1386 2364 laborantibus
1432 2334 1624 2363 succur-

295 2392 498 2438 rendum
545 2393 666 2445 rati,
718 2393 850 2452 quod
911 2411 966 2440 ea
1017 2405 1231 2456 tempora
1278 2399 1624 2458 Imperatorem

295 2488 394 2516 non
440 2479 625 2517 tantum
675 2470 800 2516 bello
852 2488 1035 2525 acrem,
1102 2475 1184 2519 sed
1236 2483 1284 2520 et
1334 2478 1623 2538 prudentem

297 2567 352 2597 ac
411 2552 664 2612 providum
726 2549 1004 2610 consiliique
1067 2562 1339 2616 promptum
1409 2559 1627 2617 require-
