1811 3358
918 230 982 281 -78

283 361 469 424 Quibus
517 360 656 413 visis,
710 361 798 407 sibi
845 361 966 407 hanc
998 360 1219 407 technam
1255 364 1282 405 a
1322 357 1524 421 conjuge
1558 374 1614 406 ac

282 442 380 486 filio
424 449 640 502 paratam
682 439 821 485 facile
865 441 1112 487 intellexit.
1178 439 1296 485 Nam
1343 437 1615 485 cubiculum

283 519 389 579 ejus
439 522 524 580 qui
574 520 871 571 invaserant,
920 535 1003 564 ora
1050 518 1195 564 larvis
1244 508 1650 577 occultaverant.¹

284 600 584 662 Transgressi
627 600 803 644 Mosam
863 600 914 644 in
964 614 1142 659 equum
1202 596 1516 657 conjecerunt
1565 605 1620 644 ut

283 681 574 742 Neomagum
620 679 896 725 aveherent.
964 680 1059 726 Sed
1106 679 1165 725 de
1211 694 1267 724 eo
1316 676 1486 721 obnixe
1533 676 1619 726 de,-

285 768 508 821 precatus
549 760 729 812 filium,
781 760 1016 806 deductus
1067 768 1138 805 est
1187 761 1235 804 in
1276 765 1482 803 castrum
1531 757 1621 808 Lo·

274 840 542 892 betamun,
594 857 648 885 ac
691 842 905 901 proxima
955 840 1065 885 inde
1118 848 1259 884 nocte
1308 840 1357 883 in
1414 845 1622 883 castrum

289 921 515 966 Burense.
582 920 673 964 Hic
725 920 943 965 custodes
985 921 1030 964 ei
1079 919 1345 980 adsignati,
1394 918 1506 978 qui,
1568 923 1623 960 ut

289 1017 400 1046 eum
446 1016 634 1060 semper
669 1000 923 1045 Vatiniano
958 1001 1206 1060 prosecuti
1253 998 1363 1042 odio
1406 997 1624 1048 fuerant,

289 1081 356 1126 ita
388 1080 529 1125 modo
565 1080 864 1125 contumeliis
899 1081 1157 1132 lacessere,
1210 1078 1382 1140 gaudio
1411 1077 1502 1122 sibi
1536 1077 1626 1121 du-

290 1160 476 1206 cebant.
542 1159 615 1205 Ac
670 1166 865 1220 postea,
917 1158 1082 1204 habito
1136 1173 1245 1203 cum
1292 1164 1445 1203 matre
1497 1173 1626 1203 seor-

289 1240 376 1284 sim
410 1241 607 1286 consilio
641 1242 709 1286 ita
745 1258 853 1286 cum
883 1249 1021 1303 patre
1067 1239 1284 1286 Arnoldo
1319 1240 1453 1285 Duce
1487 1255 1627 1301 agere

290 1321 501 1366 instituit
535 1320 661 1366 filius
691 1320 963 1383 Adolphus,
999 1329 1053 1366 ut
1085 1321 1186 1382 ipse
1218 1319 1465 1366 Arnoldus
1501 1319 1628 1378 ejus-

291 1418 389 1461 que
425 1401 599 1461 conjux
627 1400 884 1446 Catharina
915 1401 1037 1446 datis
1066 1400 1308 1445 Codicillis
1340 1398 1628 1460 profiteren-

293 1490 373 1527 tur
420 1498 468 1526 se
513 1481 720 1526 ditiones
768 1498 873 1527 suas
920 1481 1184 1526 concedere
1238 1479 1337 1524 filio
1387 1479 1627 1539 Adolpho.

359 1562 502 1609 Anno
536 1559 659 1609 1467
697 1561 820 1606 Duci
864 1561 1091 1622 Adolpho
1135 1578 1191 1606 ex
1234 1576 1379 1605 uxore
1415 1559 1631 1604 Cathari-

286 1658 356 1688 „na
398 1640 703 1688 Bourboniae
742 1640 949 1688 Graviae
996 1648 1135 1685 natus
1174 1648 1245 1686 est
1278 1640 1405 1684 filius
1438 1638 1633 1684 Carolus

295 1720 629 1781 Egmondanus
672 1720 750 1766 die
793 1719 826 1766 9
858 1719 1152 1766 Novembris.
1220 1719 1325 1764 Jam
1373 1719 1632 1763 nonnullae

295 1799 565 1844 discordiae
607 1807 741 1845 ortae
777 1807 916 1845 erant
960 1799 1087 1844 inter
1120 1797 1400 1860 Adolphum
1434 1815 1489 1845 ac
1537 1799 1636 1844 Du-

281 1897 399 1926 cem
431 1880 634 1932 Cliviae,
683 1887 732 1925 et
771 1895 894 1925 anno
940 1877 1064 1926 1469
1098 1879 1200 1939 jam
1235 1887 1399 1925 votum
1433 1879 1633 1930 fecerat,

298 1976 449 2021 quum
490 1967 614 2004 esset
654 1961 781 2004 inter
814 1960 1018 2004 Stralam
1050 1967 1098 2004 et
1133 1958 1635 2009 Wachtendonckam,

298 2056 346 2084 se
380 2046 566 2100 patrem
596 2039 646 2083 in
677 2039 950 2084 libertatem
984 2039 1320 2085 restituturum
1352 2040 1389 2084 si
1416 2040 1466 2084 in
1496 2056 1638 2101 proe-

299 2120 365 2164 lio
428 2127 596 2164 contra
661 2119 951 2164 avunculum
1007 2119 1188 2164 Ducem
1243 2118 1423 2164 Cliviae
1482 2119 1637 2164 victor

299 2199 650 2261 egrederetur3
716 2199 799 2245 scd
852 2199 1004 2244 victor
1054 2215 1298 2260 egressus,
1363 2215 1461 2244 non
1508 2200 1639 2244 stetit

298 2279 556 2342 promissis.
614 2279 757 2325 Anno
798 2277 923 2327 1470
949 2281 1136 2340 accepit
1171 2281 1422 2342 epistolam
1448 2296 1483 2326 ,a
1514 2280 1640 2324 Pon-

302 2359 431 2405 tifice
475 2358 625 2404 Paulo
661 2359 712 2403 ll
756 2359 842 2418 qui
892 2374 1000 2404 eum
1049 2359 1396 2405 adhortabatur
1439 2365 1494 2402 ut
1542 2358 1640 2403 Du-

302 2456 404 2484 cem
447 2435 718 2483 Arneldum
761 2435 1022 2487 liberaret,
1069 2437 1196 2481 inter
1240 2438 1331 2482 alia
1393 2437 1537 2482 ctiam
1591 2439 1640 2485 in

303 2519 406 2577 ejus
452 2516 730 2561 memoriam
779 2531 1035 2567 revocans,
1096 2532 1220 2576 quae
1270 2533 1394 2562 anno
1442 2534 1641 2577 praece-

303 2598 445 2643 dente
486 2604 696 2642 voverat,
764 2596 849 2640 His
884 2604 1128 2656 permotus
1166 2596 1323 2641 statim
1361 2598 1639 2644 convocavit
