1811 3358
883 217 911 262 2

245 367 432 412 Iandiae
454 401 463 418 ,
492 370 834 426 praetereaque
864 362 916 404 (lc
948 362 1084 404 rebus
1106 361 1252 421 gestis
1282 357 1449 404 Caroli
1481 357 1585 420 Eg·-

247 459 530 510 mondensis,
568 456 717 501 Ducis
753 454 974 506 Garine,
1015 459 1059 498 et
1088 454 1245 496 omnia
1270 469 1386 514 quae
1421 451 1475 496 de
1513 452 1588 496 liis

249 553 433 598 tradita
496 556 706 595 nostram
754 554 951 593 aetatem
1004 548 1238 598 tulerunt,
1302 546 1441 590 avide
1483 562 1591 590 con-

251 652 447 692 sectatus
476 662 601 697 sum,
637 644 882 706 speciatim
917 642 971 686 de
998 639 1116 685 Jure
1144 656 1229 701 quo
1260 637 1456 685 Gelriue
1483 637 1591 684 Du-

250 746 380 786 catus
410 757 465 785 ac
498 738 796 800 Zutplianiae
827 738 1069 780 comitatus
1104 733 1279 779 Domui
1313 732 1592 779 Austriacae

255 837 401 879 cessit.
453 831 597 878 Hanc
627 834 781 893 igitur
816 831 1188 892 qualemcumque
1220 829 1595 873 dissertationem

255 928 317 975 B.
352 927 405 972 L.
442 928 666 988 benigno,
703 930 752 968 ut
781 926 1017 985 accipias,
1063 927 1218 968 animo
1265 925 1407 968 etiam
1457 928 1592 983 atque

255 1024 396 1067 etiam
428 1036 560 1082 rogo.

317 1114 541 1160 Palladis
572 1115 724 1156 autem
755 1111 855 1156 sedi
890 1110 1232 1160 valedicturus,
1259 1108 1448 1171 publice
1472 1124 1596 1170 gra-

257 1215 352 1254 tum
385 1208 582 1252 obtestor
607 1206 843 1255 animum,
875 1204 939 1247 iis
973 1204 1053 1263 qui
1083 1203 1137 1245 de
1163 1217 1233 1245 me
1263 1203 1461 1262 meisque
1490 1207 1596 1247 stu-

257 1303 352 1346 diis
386 1301 555 1361 optime
589 1299 753 1342 meriti
786 1301 917 1348 sures,-
951 1312 1090 1356 neque
1131 1295 1213 1339 hoc
1261 1297 1444 1356 quidem
1487 1313 1595 1359 quo-

253 1397 384 1440 niam
414 1394 493 1444 id,
528 1395 581 1436 in
602 1390 1123 1453 prcafationibusfieri
1154 1390 1267 1434 solet
1308 1406 1471 1435 verum
1501 1407 1597 1453 po-

258 1491 350 1534 tius
377 1491 487 1549 quia
506 1502 790 1548 persuasum
819 1485 988 1535 liabeo,
1012 1486 1324 1546 paucissimos
1354 1501 1464 1529 sane
1486 1485 1572 1546 plu
1588 1515 1598 1520 ·

260 1583 392 1630 ribus
439 1579 647 1625 discendi
690 1581 1134 1641 opportunitatibus,
1163 1585 1226 1625 tot
1261 1596 1317 1624 ac
1353 1583 1497 1626 tan-tis
1546 1583 1599 1625 in

260 1693 307 1723 se
333 1675 516 1721 collatis
545 1672 778 1734 beneficiis
816 1672 1033 1734 gloriari
1064 1690 1203 1735 posse
1221 1707 1232 1726 ,
1262 1675 1449 1735 quantis
1479 1673 1599 1718 milti

259 1769 469 1833 gaudere
503 1768 636 1813 licuit
655 1784 669 1818 ,·
697 1782 810 1827 quae
836 1768 880 1809 si
922 1769 1107 1826 referre
1147 1783 1239 1810 non
1263 1782 1481 1828 possum,
1504 1783 1599 1828 pu-

266 1863 410 1908 blicas
445 1866 599 1906 tamen
639 1875 738 1921 pro
785 1860 847 1904 iis
893 1861 1090 1921 gratias
1141 1875 1285 1921 agere
1324 1876 1471 1904 meu-m,
1505 1877 1601 1905 esse

266 1957 509 2008 arbitror,
544 1955 828 2015 eloquentiae
860 1955 1007 2014 patri
1041 1955 1310 1998 assentiens.
1369 1952 1602 2000 »qultum

266 2069 391 2098 »esse
426 2049 696 2096 liberaliter
736 2049 1003 2098 educatum,
1056 2049 1132 2092 cui
1180 2063 1272 2091 non
1306 2047 1598 2109 educatores,

269 2149 376 2192 »eui
404 2162 495 2190 non
519 2145 746 2206 magistri
769 2145 865 2195 sui,
893 2148 1026 2204 atque
1059 2143 1290 2195 doctores,
1315 2145 1390 2188 cui
1420 2160 1510 2190 non
1531 2145 1602 2190 lo-

269 2258 379 2287 »cus
412 2240 493 2284 ille
523 2244 673 2283 mutus
703 2240 803 2300 ipse
823 2271 832 2289 ‚
873 2239 952 2282 ubi
985 2239 1129 2283 alitus
1163 2246 1297 2301 atque
1345 2245 1500 2294 doctus
1533 2246 1602 2286 est

268 2352 401 2382 »cum
426 2338 578 2396 grata
625 2333 950 2377 recordatione
982 2335 1032 2376 in
1074 2339 1221 2378 mente
1262 2338 1475 2378 versetur
1520 2333 1599 2395 (1).

278 2430 409 2491 Quod
433 2434 480 2475 ut
509 2431 602 2474 rite
617 2428 715 2489 fiat
750 2428 815 2472 ad
841 2430 962 2488 ipsos
990 2427 1098 2471 illos
1129 2428 1289 2488 quib-us
1320 2432 1384 2472 tot
1412 2445 1467 2474 ae
1494 2433 1601 2475 tan-

284 2567 290 2569 *
350 2576 411 2622 (1)
439 2572 519 2610 Cic.
554 2573 624 2609 Pro
657 2572 727 2608 Cn,
766 2568 918 2607 Plancio
951 2571 1046 2618 Cap,
1074 2573 1133 2608 35,
