1811 3358
903 263 929 309 7

253 395 492 440 sinistram
528 394 731 442 Vahalis.
779 393 931 453 Hujus
960 391 1244 436 tetrarchiae
1276 399 1436 451 partes
1469 405 1579 437 cen-

253 480 416 517 sentur
463 473 580 516 ditio
610 472 940 532 Neomagensis
989 469 1204 530 (Belgice
1247 469 1373 515 dieta
1409 472 1442 516 ’t
1471 471 1579 532 Ryk

253 569 345 598 van
399 552 683 612 Nymegen),
738 550 931 594 Batavia
988 550 1207 610 superior
1254 557 1303 594 et
1353 550 1579 604 inferior,

258 632 548 691 Thielaeque
602 638 649 675 et
684 630 919 675 Bomeliae
956 631 1156 682 insulae,
1208 646 1325 691 quas
1360 630 1582 676 Thieler-

256 719 304 756 ct
352 708 825 754 Bommeler-weerd
873 716 1068 759 vocant,
1116 724 1210 753 una
1255 725 1361 754 eum
1404 710 1585 756 Beesda

255 798 304 835 et
347 789 572 849 Renooya
615 787 817 847 aliisque
863 787 1136 847 regionibus
1171 803 1294 847 quae
1328 788 1455 834 inter
1486 791 1585 835 Mo-

256 885 351 915 sam
403 876 452 914 et
498 867 718 914 Vahalim
763 868 879 912 sitae
929 875 1038 912 sunt
1089 867 1168 927 (l).
1574 909 1577 912 ,

320 948 608 1008 Neomagum
656 962 752 991 non
805 947 962 991 statim
1010 946 1069 992 ab
1119 947 1256 992 initio
1302 946 1416 991 urbs
1468 944 1585 991 fuit.

256 1026 323 1073 ibi
364 1033 471 1072 erat
508 1027 621 1072 villa
655 1026 805 1086 Regia
850 1025 1119 1086 (Rijkshof)
1162 1026 1246 1071 ubi
1276 1026 1587 1084 imperatores

256 1105 498 1149 interdum
527 1104 800 1157 veniebant,
837 1112 890 1149 ut
918 1104 986 1149 ibi
1017 1105 1200 1150 fruetus
1234 1122 1288 1150 ex
1322 1105 1444 1166 agris
1474 1118 1586 1165 per-

259 1191 421 1244 ceptos
475 1191 819 1228 consumerent.
897 1184 1019 1230 Urbs
1070 1184 1279 1229 habebat
1342 1186 1588 1230 castellum

258 1263 429 1323 (burg)
467 1270 515 1307 et
550 1270 676 1308 totus
712 1262 815 1323 ejus
849 1279 959 1324 ager
1004 1264 1278 1324 pertinebat
1321 1264 1381 1311 ad
1428 1265 1588 1309 villam

258 1342 455 1403 Regiam
501 1341 579 1401 (2).

314 1424 393 1485 *De
439 1422 718 1469 Tetrarehia
765 1423 1145 1468 Ruremondensi
1196 1423 1409 1468 breviter
1460 1423 1587 1468 diee—

256 1518 389 1554 mus,
437 1502 551 1563 quia
602 1502 660 1546 de
708 1502 798 1547 hae
846 1503 1107 1548 tetrarchia
1150 1520 1247 1548 non
1295 1505 1444 1549 multa
1491 1520 1589 1550 me-

260 1581 511 1626 morabilia
565 1580 820 1626 traduntur
866 1582 916 1625 in
969 1582 1167 1628 historia
1214 1591 1263 1628 et
1317 1599 1444 1629 nune
1492 1591 1591 1630 non

263 1660 477 1720 pertinet
518 1659 579 1706 ad
628 1659 838 1707 Geli-iam
882 1659 961 1721 (3).

334 1805 397 1850 (1)
438 1805 561 1853 Kemp
597 1803 636 1839 in
672 1816 787 1852 opere
826 1816 914 1840 over
951 1806 1151 1842 Goriclaem
1183 1818 1230 1842 en
1264 1807 1329 1843 lzet
1355 1809 1473 1843 Laud
1501 1822 1576 1846 vare„

282 1869 410 1903 Arkel
432 1866 609 1915 cogitavit
636 1867 817 1902 Beesdam
847 1875 885 1902 et
907 1868 1128 1917 Renooyam
1160 1871 1371 1919 antiquiore
1402 1880 1572 1922 tempore

259 1927 507 1980 'pertinuisse
541 1932 589 1967 ad
619 1931 791 1967 dominos
823 1932 1005 1968 Arckelii.
1045 1933 1140 1968 Nam
1161 1934 1249 1969 dicit
1281 1934 1304 1969 l.
1328 1948 1360 1970 c.
1394 1949 1483 1985 pag.
1509 1940 1574 1977 40.

257 1994 480 2032 „Johannes
511 1996 744 2045 Cognomine
783 1998 926 2041 Fortis,
969 1997 1081 2033 habe}
1100 2007 1157 2044 at,
1197 1999 1291 2034 duos
1323 1999 1442 2045 filios;
1484 2010 1575 2040 natu

260 2060 414 2109 ,majori
443 2061 545 2098 dedit
577 2069 665 2109 post
694 2069 854 2097 mortem
891 2065 964 2108 (a0
1009 2065 1131 2108 1272)
1167 2063 1378 2113 dynastiam
1410 2068 1574 2115 Arckel,

283 2134 373 2162 uatu
403 2126 541 2161 minori
571 2125 704 2163 Ottoni
739 2126 950 2174 dynastiam
983 2126 1214 2174 Heukelem‚
1251 2130 1456 2168 nonnullas
1483 2132 1576 2170 alias

264 2180 322 2224 'et
355 2189 555 2227 Gellmon
588 2199 625 2226 et
658 2193 891 2241 Renooyain.

286 2244 287 2247 Ἴ
341 2255 402 2300 (2)
442 2257 476 2291 A
507 2255 633 2291 multis
667 2269 708 2294 v.
741 2269 775 2304 g.
801 2259 920 2292 *Hal-t.
947 2258 991 2291 de
1017 2260 1057 2293 S.
1086 2260 1214 2293 Simon
1239 2260 1387 2297 Guerre
1412 2262 1476 2298 des
1496 2266 1577 2299 Ro-

285 2322 408 2354 mains
439 2328 478 2355 et
511 2323 682 2356 Ramnes
711 2320 905 2369 Oppidum
928 2322 1152 2356 Batavorum
1177 2323 1280 2370 apud
1304 2324 1477 2360 Tacitum
1499 2339 1580 2363 me·-

261 2392 492 2431 ⁴moratum,
533 2384 632 2420 idem
666 2385 827 2421 habetur
871 2386 974 2435 quod
1006 2386 1286 2435 Neomagense,
1327 2401 1403 2424 non
1440 2391 1580 2428 Baten-

288 2448 491 2496 burgense.
542 2451 621 2485 Hac
654 2451 697 2486 de
732 2464 770 2486 re
803 2450 877 2488 vid.
912 2449 1001 2487 Joh.
1036 2450 1157 2486 Snnth
1191 2451 1386 2499 Oppidum
1418 2454 1579 2492 Batavo-

280 2527 369 2549 frum
405 2516 499 2563 Cap.
534 2516 566 2551 I.
603 2529 642 2564 p.
679 2519 789 2552 ινδ.

277 2605 282 2617 ‹
342 2581 403 2623 (5)
442 2579 560 2615 Hodie
592 2580 757 2628 pertinet
789 2579 837 2614 ad
862 2578 1094 2628 provinciam
1121 2578 1391 2627 Limburgiain.
1431 2581 1575 2618 Nomen

292 2641 507 2679 Roerinond
540 2643 729 2692 origenem
763 2657 867 2679 suain
903 2642 1018 2679 habet
1052 2657 1070 2678 u
1108 2643 1256 2680 {lumine
1291 2645 1390 2681 lioiu
1420 2646 1577 2691 (Roer).
