1811 3358
837 241 897 288 49

261 372 428 418 Annus
479 372 602 420 1348
650 376 699 418 in
746 375 944 419 historia
977 380 1166 418 notatus
1210 381 1279 417 est
1313 380 1511 434 propter

198 453 462 498 terribilem
514 461 697 513 pestem
740 454 789 497 in
839 452 1030 512 Europa
1071 460 1119 496 ct
1165 453 1420 512 praecipue
1464 453 1514 496 in

196 531 436 593 Hispania.
514 531 672 576 Hocce
727 532 870 576 etiam
918 546 1040 575 anno
1091 529 1349 576 Reinaldus
1406 546 1512 574 cum

197 609 345 655 fratre
388 610 610 661 Eduardo
652 610 830 655 bellum
867 609 1036 654 indixit
1078 609 1312 669 Episcopo
1359 608 1518 654 Ultra-

191 689 426 749 jectensi;
475 691 621 735 hocce
688 689 866 734 bellum
919 689 1139 748 sequenti
1187 697 1342 732 tamen
1389 703 1513 731 anno

200 767 324 815 1349
369 785 563 829 prorsus
624 776 854 813 cessatum
898 768 1141 827 amiceque
1205 766 1517 827 compositum

198 850 401 910 reperio.
469 849 647 894 Incidit
696 850 745 894 in
796 848 921 893 idem
964 856 1150 909 tempus
1200 846 1516 892 memorabilis

198 928 281 973 illc
336 936 491 974 terrae
542 936 725 982 motus,
789 929 875 988 qui
916 942 1012 973 non
1057 927 1197 972 modo
1251 926 1418 971 Italiae
1471 931 1524 969 et

195 1007 436 1054 Panoniae
471 1009 656 1069 aliquot
704 1010 923 1054 civitates
967 1010 1033 1052 ita
1070 1007 1304 1052 concussit
1341 1013 1395 1050 ut
1438 1020 1518 1050 ae-

198 1085 359 1132 dificia
412 1090 585 1148 passim
638 1089 935 1141 corruerint,
987 1088 1069 1133 sed
1115 1095 1163 1132 et
1217 1085 1520 1133 Germaniam

197 1164 474 1211 inferiorem
529 1169 787 1228 attingens,
839 1169 964 1213 inter
1029 1174 1218 1211 caetera
1284 1165 1521 1210 Juliacum

199 1241 392 1289 Gelriae
432 1246 643 1290 vicinum
687 1247 941 1307 oppidum,
991 1245 1204 1290 funditus
1248 1241 1497 1288 subvertit.

264 1322 494 1383 Sequitur
554 1342 704 1371 annus
755 1326 906 1378 1350,
966 1326 1118 1371 turbis
1168 1340 1222 1370 ac
1275 1322 1523 1368 seditioni-

197 1398 287 1443 bus
329 1401 467 1446 valde
515 1403 800 1462 foecundus3
852 1421 960 1450 nam
1004 1404 1094 1448 hoc
1140 1410 1354 1462 tempore
1390 1399 1527 1445 audi-

198 1485 248 1523 ta
275 1478 478 1526 infausta
508 1482 810 1528 Hekerorum
841 1491 890 1528 et
920 1482 1367 1527 Brouchorstiorum
1396 1479 1526 1540 apud

199 1555 390 1615 Gelros3
435 1562 562 1620 apud
595 1563 853 1607 Hollandos
897 1561 1192 1606 Hoekiomm
1236 1567 1284 1603 et
1327 1558 1526 1604 Cabbel-

191 1636 433 1696 Javiorum
485 1640 744 1698 vocabula3
812 1641 1072 1686 Frisiorum
1121 1654 1317 1698 quoque
1368 1638 1526 1683 vicina

198 1733 311 1777 gens
369 1719 512 1778 paulo
570 1725 680 1762 ante
744 1718 795 1761 in
849 1725 1009 1778 partes
1074 1716 1282 1768 abierat,
1333 1716 1525 1761 nomine

198 1795 609 1857 Vetcoperorum‚
657 1805 706 1841 et
740 1796 1075 1856 Scit-iugorum.
1143 1796 1240 1840 Nec
1283 1796 1524 1840 desierant

199 1873 356 1920 adhuc
389 1876 516 1920 intra
563 1876 753 1922 ltaliam
797 1873 1128 1936 Guelphorum
1176 1882 1224 1919 et
1259 1873 1527 1929 Gibellinof

198 1968 306 1996 rum
355 1952 552 1999 factiosa
597 1954 802 1999 nomina.

263 2031 518 2077 Hekerana
581 2049 696 2077 vero
748 2033 798 2077 in
849 2032 1006 2080 Gelris
1059 2033 1300 2093 factioque
1347 2033 1528 2078 Bronc-

202 2110 445 2156 horstiana
496 2129 523 2157 a
565 2111 824 2162 nobilibus,
873 2112 982 2157 odio
1019 2115 1145 2158 inter
1190 2129 1237 2158 se
1272 2113 1527 2158 Vatiniano

202 2190 538 2237 dissidentibus
573 2193 638 2237 sic
670 2193 920 2253 appellata.
973 2192 1254 2245 Reinaldus,
1293 2209 1399 2237 cum
1429 2193 1530 2238 He-

201 2269 405 2314 keranos
447 2270 707 2315 identidem
751 2271 976 2316 eveheret
1019 2271 1206 2331 sibique
1255 2286 1395 2316 curae
1443 2271 1527 2315 ha-

205 2348 362 2401 heret,
415 2348 465 2393 id
494 2366 634 2394 urere
671 2349 1092 2395 Bronchorstianos
1123 2350 1399 2401 videbatur,
1442 2349 1528 2408 qui

206 2427 333 2486 apud
387 2427 660 2472 Eduardum
720 2427 940 2473 Reinaldi
988 2428 1131 2473 Ducis
1187 2428 1382 2472 fratrem
1415 2428 1528 2488 ipsis

206 2505 464 2559 faventem,
511 2507 600 2552 hoc
649 2508 833 2567 saepius
883 2507 1058 2551 iterum
1109 2506 1349 2559 vellicant,
1393 2506 1527 2550 insti-

210 2602 316 2646 gare
364 2588 629 2633 inimicilias
678 2604 772 2631 non
821 2586 1109 2632 desinebant.

1187 2668 1213 2713 7
