1811 3358
825 265 885 309 53

201 397 367 441 mitum
399 402 446 440 ot
478 394 661 439 Ducum
713 393 930 449 Gelria03
978 392 1200 453 depulsus
1238 401 1307 438 cst
1344 391 1523 440 'sGra—

200 476 430 521 vcndaaL'

263 557 397 601 Nunc
440 553 626 614 aliquid
673 552 926 597 dicendum
978 552 1037 597 do
1088 551 1314 612 regimine
1367 550 1525 594 fratris

201 634 300 693 ejus
335 634 545 678 Eduardi
594 634 734 693 hujus
781 634 983 678 nominis
1028 633 1188 677 Primi.
1277 629 1527 674 Eduardus

198 713 322 757 filius
363 720 479 757 natu
515 713 668 756 minor
717 712 860 757 Ducis
901 710 1123 757 Reinaldi
1174 711 1226 755 II
1278 717 1416 754 natus
1457 716 1528 752 est

195 808 318 836 anno
358 790 494 837 1336.
530 793 788 851 Postquam
822 806 944 835 anno
988 790 1108 836 1361
1158 789 1354 834 fratrem
1385 789 1527 833 Thio-

193 873 266 916 lae
301 873 351 916 in
387 872 579 916 vincula
630 872 902 930 conjecerat
952 870 1153 931 imperio
1204 869 1386 930 potitus
1440 874 1523 911 est.

194 951 353 996 Exstat
400 951 556 996 adhuc
603 952 802 1012 epistola
849 967 946 1010 qua
989 950 1084 994 duo
1137 950 1309 994 fratres
1353 947 1528 992 confir-

193 1038 407 1082 marunt,
437 1030 514 1074 die
550 1029 582 1074 9
613 1029 744 1074 Junii
779 1028 898 1074 1361
936 1029 1187 1088 privilegia
1219 1028 1442 1083 Thielae3
1477 1034 1527 1070 et

192 1117 393 1170 propter
445 1108 732 1168 singularem
768 1107 994 1158 formam,
1048 1107 1267 1158 initium,
1332 1105 1422 1149 hoo
1471 1105 1523 1148 iu

192 1189 297 1233 loco
329 1203 586 1248 ponemus,
623 1185 766 1244 hujus
799 1185 1040 1244 epistolae.
1110 1206 1128 1226 ι)
1164 1184 1254 1244 Wy
1282 1185 1525 1230 Reinhold

191 1283 316 1312 »van
360 1266 504 1312 Gelre
551 1280 612 1310 en
654 1263 868 1315 Eduard‚
913 1279 1005 1307 van
1040 1261 1168 1309 Gods
1196 1263 1373 1323 genade
1400 1264 1524 1308 Her-

195 1353 309 1405 »tog
323 1361 414 1390 van
445 1343 589 1391 Gelre
623 1343 742 1387 ende
762 1341 918 1388 Grave
938 1359 1029 1387 van
1049 1343 1271 1403 Zutphen
1298 1344 1442 1388 caet.”
1458 1342 1524 1404 (1)

193 1427 437 1485 Desponsa
483 1424 528 1469 ei
576 1422 668 1467 fuit
701 1422 955 1467 Catharina
998 1421 1097 1466 filia
1155 1422 1346 1467 Alberti
1380 1422 1524 1466 Ducis

196 1503 424 1548 Bavariae
477 1509 525 1546 et
574 1500 813 1546 Praefecti
875 1500 1172 1561 (Ruwaard)
1223 1500 1518 1544 Hollandiae.

194 1583 337 1629 Anno
370 1581 491 1628 1371
535 1581 784 1625 Eduardus
819 1581 869 1624 in
900 1580 1206 1624 Hollandium
1234 1580 1295 1625 ad
1328 1580 1522 1640 perfici-

194 1661 368 1707 endum
413 1658 766 1704 matrimonium
815 1658 1060 1719 profectus
1109 1659 1339 1703 nuncium
1386 1675 1521 1704 acoe-

192 1743 289 1802 pit,
323 1739 663 1788 VVenoeslaum
693 1738 875 1782 Ducem
909 1738 1193 1783 Brabantiae
1212 1774 1223 1791 ,
1252 1755 1521 1800 aggressum

195 1821 338 1865 fuisse
403 1817 692 1865 Gulielmum
746 1817 1062 1862 Juliacensem
1112 1817 1300 1863 affinem
1368 1834 1517 1861 suum.

193 1899 363 1946 Statim
396 1898 542 1958 igitur
586 1896 812 1942 adversus
860 1897 988 1941 hunc
1042 1895 1285 1957 profectus
1336 1903 1435 1952 est3
1473 1904 1522 1940 et

192 1986 462 2039 opportune
514 1978 565 2021 in
614 1978 849 2038 praelium
893 1976 1021 2037 apud
1065 1976 1331 2037 Basweyler
1376 1976 1521 2020 venit.

191 2058 453 2106 Victoriam
487 2072 610 2117 quae
654 2056 754 2114 jam
802 2055 862 2100 ad
892 2055 1155 2100 Brahantos
1187 2070 1285 2100 sese
1321 2070 1522 2099 conver-

191 2138 347 2190 tebat,
383 2137 592 2182 adventu
626 2151 737 2187 SUO,
774 2135 841 2178 ita
874 2135 1103 2186 mutavit,
1140 2142 1194 2178 ut
1232 2132 1516 2180 Guilielmus

193 2218 347 2263 victor
376 2216 661 2266 discederet,
699 2222 748 2259 et
778 2215 879 2275 ipse
906 2214 1219 2262 Weneeslaus
1255 2222 1520 2274 caperetur.

192 2297 419 2343 Attamen
442 2297 533 2340 hoc
563 2295 799 2356 praelium
826 2294 902 2338 die
924 2291 986 2339 24
1014 2294 1223 2354 Augusti
1253 2294 1363 2338 anni
1384 2292 1519 2339 1371.

191 2376 415 2422 Eduardo
457 2376 549 2420 suit
596 2374 764 2426 fatale,
798 2374 913 2433 quia
962 2373 1220 2418 secundum
1262 2372 1516 2417 nonnullos

195 2457 244 2501 in
277 2473 333 2502 eo
376 2463 590 2501 mortuus
643 2461 725 2498 est.
790 2453 889 2498 Alii
936 2469 1049 2498 vero
1094 2453 1259 2498 dicunt
1305 2468 1413 2497 eum
1459 2449 1519 2496 ab

265 2628 326 2673 (1)
354 2627 523 2663 Arnhem
550 2628 653 2663 Book
682 2627 824 2663 Lauda.
858 2628 968 2664 Toni.
994 2629 1025 2663 Ι.
1056 2625 1121 2663 sol.
1152 2627 1185 2663 I.
