1811 3358
875 275 965 321 119

254 406 448 451 mitatus
482 405 778 467 Zutphaniae
815 422 920 451 cum
954 406 1171 451 omnibus
1195 415 1243 452 et
1278 410 1468 471 singulis
1495 410 1587 455 hu-

248 486 330 546 jus
375 487 660 540 honoribus,
711 487 1044 549 dignitatibus,
1094 488 1354 533 ditionibus
1396 490 1590 535 Comiti-

251 567 362 619 bus,
414 567 635 618 dominis,
690 567 804 611 viris
847 568 1060 619 vasallis,
1110 567 1372 627 equitibus,
1424 570 1586 615 reddi-

254 646 406 697 tibus,
466 647 632 697 terris,
693 646 992 700 hominibus,
1046 648 1308 700 fortalitiis,
1363 647 1582 701 arcibus,

253 725 478 776 urbibus,
531 725 744 786 oppidis,
795 727 946 786 pagis.
1008 725 1318 793 utilitatibus,
1367 726 1582 786 juribus,

248 804 639 865 jurisditionibus
689 805 880 856 liberis,
919 803 1236 848 tribunalibus
1267 814 1316 851 et
1355 806 1580 866 judiciis,

251 885 559 929 venationum
627 883 1060 944 prohibitionibus,
1109 891 1156 928 et
1214 884 1317 928 aliis
1369 886 1587 931 omnibus

251 964 347 1008 suis
395 963 782 1023 appertinentiis,
835 963 955 1006 nihil
999 970 1222 1023 excepto,
1274 964 1334 1009 ad
1380 981 1465 1010 nos
1512 967 1585 1011 uti

251 1043 575 1089 Romanorum
606 1058 765 1102 regem
799 1042 1040 1094 absolute,
1087 1051 1241 1094 recte,
1292 1053 1342 1089 et
1369 1047 1585 1106 plenarie

252 1123 480 1168 devoluta
526 1131 664 1175 sunt,
715 1132 762 1168 et
794 1131 1122 1184 pervenerunt
1160 1139 1248 1184 per
1292 1123 1505 1177 obitum,
1537 1133 1586 1170 et

253 1220 309 1249 ex
343 1203 433 1248 hoc
469 1203 627 1248 seculo
661 1202 906 1247 decessum
941 1202 1182 1262 quondam
1200 1203 1451 1257 Reinaldi,
1472 1207 1587 1251 olim

253 1283 388 1328 ducis
434 1283 716 1328 Juliacensis
764 1290 813 1326 et
849 1279 1108 1328 Gelriensis
1144 1290 1192 1326 et
1243 1282 1435 1328 Comitis
1471 1285 1586 1330 Zut-

253 1363 455 1423 phaniae
485 1360 636 1405 felicis
667 1361 948 1412 memoriae,
984 1361 1071 1420 qui
1104 1361 1260 1406 nullos
1292 1378 1347 1407 ex
1383 1379 1585 1426 corpore

255 1457 339 1486 suo
392 1440 590 1500 reliquit
645 1439 845 1484 heredes
897 1441 1190 1500 comparavit
1243 1457 1401 1487 coram
1450 1446 1588 1491 nobis

254 1519 505 1580 Adolphus
545 1518 638 1562 dux
672 1519 976 1571 Juliacensis,
1025 1519 1282 1566 Montensis
1333 1531 1381 1567 et
1428 1522 1588 1570 Gelri-

253 1600 401 1649 ensis,
453 1606 501 1642 et
549 1596 711 1641 Comes
755 1598 1052 1658 Zutphaniae
1101 1608 1149 1644 et
1188 1602 1586 1666 Ravensburgen-

254 1679 342 1730 sis,
392 1678 616 1738 princeps
659 1683 708 1720 et
760 1678 1135 1738 consanguineus
1182 1689 1344 1726 noster
1391 1683 1588 1730 Carissi-

252 1772 384 1806 mus,
433 1762 482 1798 et
533 1753 668 1796 nobis
732 1753 903 1799 humili
949 1755 1196 1817 diligentia
1251 1762 1586 1822 supplicanda,

253 1841 490 1894 quatenus
538 1833 582 1877 ei
642 1832 941 1893 praedictum
994 1836 1230 1882 Ducatum
1291 1849 1340 1885 et
1400 1843 1589 1890 Princi-

251 1921 416 1974 patum
470 1911 659 1959 Gelriae
709 1921 757 1957 et
808 1913 1093 1961 Comitatum
1145 1919 1441 1979 Zutphaniae
1493 1939 1590 1970 una

254 2008 361 2037 cum
405 1992 622 2037 omnibus
671 1991 933 2038 honoribus
977 2003 1025 2040 et
1073 1996 1268 2058 singulis
1309 1999 1503 2058 juribus
1539 2013 1588 2049 et

254 2071 469 2116 omnibus
513 2072 616 2116 aliis
670 2073 1035 2132 appartinentiis
1078 2091 1384 2139 quocumque
1435 2083 1589 2126 nomi-

252 2166 313 2194 ne
361 2157 701 2210 nuncupentur
740 2158 788 2196 et
825 2167 931 2196 cum
959 2154 1175 2200 omnibus
1200 2157 1391 2216 juribus
1422 2176 1588 2220 quem-

253 2229 507 2275 admodum
575 2247 630 2275 ea
681 2231 741 2276 ad
788 2248 874 2276 nos
928 2235 1000 2278 uti
1049 2235 1373 2285 Romanorum
1430 2259 1588 2304 regem

255 2317 582 2369 pervenerunt
630 2318 678 2355 et
724 2310 949 2356 devoluta
996 2322 1106 2359 sunt
1153 2318 1356 2376 gratiose
1390 2320 1504 2366 dare
1540 2331 1588 2368 et

256 2387 519 2432 concedere
574 2387 892 2447 dignaremur.
962 2390 1068 2450 Quo
1113 2394 1239 2440 cirea
1285 2413 1370 2442 nos
1408 2400 1585 2446 intuitu

257 2469 427 2511 amoris
481 2476 529 2512 et
577 2467 715 2519 fidei,
788 2486 910 2529 quae
961 2488 1045 2516 nos
1094 2475 1143 2517 in
1190 2477 1404 2534 praefato
1464 2480 1586 2527 duce

260 2546 480 2605 Adolpho
525 2548 664 2608 plene
712 2550 1036 2608 cognovimus,
1086 2560 1133 2596 et
1177 2558 1358 2615 experti
1407 2576 1583 2611 summ,

257 2633 304 2668 ct
357 2624 505 2669 indies
555 2628 849 2685 experimur,
903 2637 950 2673 et
992 2631 1132 2676 etiam
1177 2644 1419 2693 gratorum
1455 2641 1588 2685 utili-
