1811 3358
900 262 962 306 92

273 401 373 445 sine
413 396 589 441 effectu
635 408 743 437 nam
788 406 913 435 anno
963 406 1058 449 seq.
1107 388 1232 435 1492
1265 388 1468 447 ‚Carolus
1516 388 1609 448 Eg,

281 476 543 525 mondanus
602 475 651 518 in
696 472 906 519 Gelriam
955 471 1114 522 venit,
1159 477 1208 515 et
1244 469 1409 531 ,primo
1456 467 1611 512 Rure-

274 555 479 606 mundae
529 560 674 611 atquc
735 550 946 596 Venloae
993 557 1275 610 conspectus
1326 544 1615 605 suorumque

279 635 488 685 omnium
529 629 709 691 gaudeo
748 636 971 689 acceptus
1016 645 1070 673 ac
1128 629 1357 674 salutatus
1405 633 1491 671 est.
1545 625 1616 669 De

278 716 379 762 vita
419 711 615 773 quidem
656 709 892 770 praeclari
942 707 1036 752 viri
1089 707 1245 753 Caroli
1287 704 1613 768 Egmondani,

286 794 347 839 de
392 791 528 851 cujus
579 790 679 835 vita
723 788 948 849 proprius
1002 786 1128 832 liber
1189 782 1623 832 conscribi‘mere-

286 880 460 929 netur3
499 886 584 914 nos
630 878 786 913 tamen
829 868 1043 913 breviter
1087 867 1145 912 de
1178 884 1251 920 eo,
1300 882 1452 928 pauca
1494 864 1624 908 diee-

281 969 417 1009 mus3
470 950 529 994 de
591 948 736 994 rebus
801 947 852 992 in
911 946 1198 992 vindicando
1265 944 1622 1004 adserendoquc

282 1033 474 1077 Ducatu
510 1030 667 1090 gestis.

350 1111 492 1157 Anno
536 1106 661 1155 1494
701 1109 807 1154 Dux
849 1107 1044 1154 Carolus
1112 1106 1335 1152 salutavit
1379 1102 1627 1149 Maximili-

284 1205 426 1237 anum
463 1189 811 1247 Imperatorem
847 1185 1052 1233 Graviae
1085 1187 1226 1246 eique
1257 1184 1476 1246 promisit
1513 1183 1628 1228 Cae-

286 1287 388 1322 sar,
439 1268 478 1313 si
523 1265 683 1312 solidis
723 1265 1020 1310 documentis
1069 1265 1394 1310 demonstrare
1440 1269 1629 1323 posset,

284 1367 336 1397 se
382 1347 650 1409 legitimum
697 1361 751 1389 ac
798 1361 909 1389 vere
957 1352 1142 1397 natum,
1180 1343 1372 1391 Gelriac
1425 1344 1628 1393 Ducem,

288 1447 339 1476 se
382 1427 513 1474 haud
559 1439 802 1485 quaquam
845 1423 1188 1484 impedimento
1238 1424 1340 1468 sore
1397 1438 1495 1482 quo
1545 1420 1634 1466 mi-

291 1526 381 1557 nus
427 1506 751 1570 principatum
790 1503 903 1563 jure
949 1502 1166 1548 debitum
1214 1519 1380 1548 secure
1433 1518 1487 1547 ac
1530 1501 1633 1562 pla-

290 1589 396 1636 cide
439 1585 718 1648 possideret.
770 1584 892 1628 Inde
924 1584 981 1628 iis
1013 1592 1223 1643 quatuor
1255 1584 1455 1644 Imperii
1491 1582 1632 1633 Elec,-

291 1668 479 1715 toribus
515 1663 891 1725 compromissiO,
911 1671 967 1708 ut
997 1672 1194 1716 vocant,
1218 1663 1355 1708 sacta.
1391 1663 1454 1707 Hi
1486 1677 1633 1706 cunc-

294 1751 380 1801 tis,
415 1747 493 1791 die
530 1745 815 1796 constituto,
866 1743 925 1788 ad
960 1760 1155 1789 examen
1191 1744 1390 1804 propius
1426 1741 1626 1792 vocatis,

294 1825 700 1890 pronuntiarunt,
762 1839 851 1868 ncc
910 1839 1009 1867 csse
1072 1822 1270 1875 Carolo,
1325 1838 1484 1882 neque
1533 1821 1636 1880 ejus

296 1903 687 1971 progenitoribus
723 1902 866 1948 fuisse
899 1902 1025 1962 juris
1061 1902 1326 1963 quidquam
1361 1902 1411 1946 in
1445 1900 1636 1948 Gclriac

296 1989 538 2033 Ducatum
586 2000 640 2029 ac
684 1983 974 2029 comitatum
1003 1982 1325 2043 Zutphaniae,
1355 1982 1636 2027 exstinctum

302 2068 445 2113 fuisse
489 2079 612 2110 anno
650 2060 771 2109 1427
822 2068 1034 2106 veterem
1069 2058 1261 2107 Gclriac
1296 2061 1482 2106 Ducum
1527 2060 1637 2105 stir-

298 2162 436 2209 pem,
486 2143 696 2188 omnium
742 2140 937 2185 ultimus
971 2156 1121 2201 quum
1164 2141 1329 2186 suisset
1371 2139 1635 2187 Reinaldus

305 2227 390 2274 IV.
419 2225 578 2270 Avum
606 2221 709 2281 ejus
737 2220 1007 2265 Arnoldum
1037 2228 1320 2281 patremque
1340 2219 1638 2280 Adolphum,

304 2306 364 2352 ab
421 2305 720 2362 Imperatore
768 2298 898 2343 haud
945 2298 1086 2343 fuisse
1135 2299 1406 2352 investitos,
1459 2314 1637 2358 eosque

307 2385 501 2432 circiter
563 2394 708 2425 annos
755 2377 818 2424 50
868 2385 1034 2423 contra
1081 2378 1337 2438 imperium
1384 2394 1513 2423 arma
1567 2385 1644 2422 tu-

309 2467 444 2515 lisse,
493 2473 692 2518 eamque
737 2456 788 2500 in
830 2456 1144 2507 commissum,
1197 2465 1252 2501 ut
1298 2464 1468 2502 vocant
1538 2456 1641 2501 feu-

310 2544 424 2588 dum
470 2539 721 2588 recidisse,
772 2534 993 2579 carolum
1036 2533 1262 2596 deinceps
1304 2535 1645 2580 nominandum

311 2638 408 2668 non
452 2619 651 2666 Geli-um
696 2613 777 2660 sed
824 2612 1192 2673 Egmondanum.
1261 2615 1365 2676 Qua
1410 2632 1520 2661 sane
1569 2632 1643 2661 se-
