1811 3358
897 256 961 302 96

265 395 458 441 Carolus
508 388 836 452 Egmondanus
906 386 1259 432 matrimonium
1325 385 1432 429 iniit
1490 402 1595 430 eum

266 472 543 524 Elisabetha
611 468 1015 529 Lunenburgensi.
1108 465 1311 511 Interim
1373 465 1595 518 Carolus,

266 555 468 616 qui‘rex
510 558 613 597 erat
655 549 935 609 Hispaniae,
980 549 1114 609 (nam
1147 561 1270 591 anno
1313 543 1439 590 1506
1472 545 1600 604 patri

267 639 557 680 successerat
602 645 690 691 pro
740 645 823 673 sua
868 635 1035 688 parte,
1085 642 1208 672 anno
1259 624 1384 670 1516
1426 625 1476 668 in
1521 639 1600 668 ce-

268 715 382 761 teris
434 710 658 756 successit
722 707 939 770 partibus
1004 721 1092 751 avo
1131 721 1233 750 ‚suo
1295 703 1595 749 Ferdinando

268 792 563 847 catholiam)
599 788 658 834 ab
693 786 993 832 Electorihus
1025 783 1351 835 Francosurti‚
1385 782 1490 826 loeo
1526 782 1602 827 avi

271 872 343 917 sui
377 866 681 915 Maximiliani
727 865 999 925 Imperator
1034 862 1225 907 Electus
1257 869 1356 914 est,
1390 862 1602 907 nondum

271 951 334 998 20
368 965 514 995 annos
554 953 705 991 natus.

334 1031 439 1076 Jam
479 1034 588 1072 ante
638 1022 892 1068 nonnullos
944 1037 1091 1066 annos
1140 1022 1321 1066 bellum
1372 1030 1476 1067 erat
1527 1039 1606 1066 or-

268 1122 372 1158 tum
414 1111 541 1155 inter
587 1105 875 1167 Episcopum
921 1101 1320 1161 Ultrajectensem
1368 1108 1417 1145 et
1461 1099 1606 1145 Caro-

272 1194 372 1237 lum
412 1191 592 1235 Ducem
640 1184 859 1235 Gehiae,
912 1190 1113 1242 propter
1176 1181 1495 1242 Groningam,
1525 1220 1528 1222 .
1555 1180 1607 1224 in

274 1289 370 1334 quo
420 1266 619 1314 subinde
672 1264 820 1313 sactae
877 1270 986 1306 sunt
1046 1261 1295 1319 induciae3
1347 1261 1428 1306 sed
1479 1276 1603 1306 anno

280 1351 401 1399 1527
451 1345 653 1394 induciis
705 1345 881 1388 iterum
927 1341 1102 1394 finitis,
1159 1343 1220 1387 ad
1274 1341 1453 1386 bellum
1512 1341 1609 1386 ala-

277 1448 379 1478 cres
421 1428 679 1472 redierunt.
749 1423 808 1466 ln
847 1421 994 1465 hocce
1034 1420 1161 1465 bello
1196 1421 1370 1465 milites
1412 1419 1610 1479 Episco-

274 1512 327 1574 pi
368 1507 575 1570 profecti
631 1510 764 1554 sunt,
813 1500 1039 1545 adversus
1082 1499 1275 1544 'l'hielae
1322 1498 1607 1543 interamnia

277 1581 717 1651 (Thielerweert),
779 1586 827 1623 et
888 1578 1149 1638 praecipue
1207 1594 1371 1623 versus
1431 1593 1605 1639 pagum

274 1669 530 1716 Gellecom.
596 1661 664 1706 Ex
710 1674 766 1703 eo
817 1657 1106 1701 tumultuose
1150 1655 1288 1700 effusi
1337 1657 1599 1718 praesidia-

278 1748 340 1795 rii
382 1742 659 1791 abeuntium
719 1746 874 1798 terga,
933 1735 1113 1796 praeda
1170 1735 1314 1779 etiam
1364 1736 1607 1795 aliquanta

282 1833 500 1886 recepta,
546 1833 794 1881 carpsere,
838 1815 920 1860 scd
962 1816 1013 1859 in
1058 1831 1114 1860 eo
1161 1814 1354 1859 modum
1389 1815 1609 1860 excessis-

282 1926 331 1956 se
373 1911 724 1954 memorantur,
759 1898 890 1960 quod
934 1914 1178 1943 caesorum
1225 1912 1426 1957 corpora
1459 1911 1609 1940 mem-

281 1989 458 2036 bratim
507 1984 710 2028 dissecta
753 1996 778 2023 e
831 1977 1037 2022 turrium
1085 1983 1168 2021 aut
1214 1975 1403 2021 aedium
1449 1974 1610 2026 tectis,

284 2085 408 2130 quae
451 2066 609 2111 hostes
646 2067 783 2106 erant
825 2056 1097 2108 transituri,
1133 2072 1357 2117 suspensa
1399 2055 1607 2100 omnium

286 2149 435 2195 oeulis
463 2148 781 2206 exposuerint.
847 2139 952 2199 Qua
981 2138 1239 2199 ignominia
1272 2137 1496 2183 efferatae
1533 2152 1611 2181 co-

288 2233 451 2278 hortes
493 2228 806 2286 juraverunt,
851 2219 1060 2264 hostium
1111 2218 1254 2264 caede
1286 2233 1479 2263 suorum
1510 2232 1614 2261 san-

294 2313 482 2375 guinem
533 2306 600 2350 ita
659 2303 954 2362 expiaturos‚
1012 2307 1095 2351 ut,
1156 2306 1294 2360 capto
1346 2295 1608 2359 praesidi0‚

292 2402 396 2443 tam*
423 2390 625 2433 inermes
655 2398 798 2443 quam
842 2381 1010 2425 armati
1039 2396 1240 2440 poenam
1272 2377 1475 2424 vicissim
1509 2375 1612 2418 luc-

296 2478 426 2522 rent,
465 2474 513 2513 et
555 2464 745 2511 tandem
778 2476 972 2521 quoque
1010 2467 1267 2519 ceperunt,
1307 2457 1465 2502 multis
1504 2455 1613 2499 hos-

295 2550 424 2595 tibus
460 2545 604 2591 eaesis
651 2550 793 2601 atquc
838 2554 945 2582 arce
990 2537 1177 2600 dii-epia
1212 2546 1259 2582 et
1307 2537 1411 2598 igne
1453 2535 1614 2581 diruta

297 2625 628 2679 Dorostadium
669 2621 924 2668 redierunt..
