1811 3358
884 249 941 295 12

255 386 387 450 quod
421 382 616 432 exinde
652 380 941 441 colligimus,
985 378 1117 440 quod
1160 378 1418 425 Reinaldus
1460 380 1583 426 filius

259 469 318 513 de
351 464 557 516 Gelder,
604 464 765 509 favens
810 462 955 507 Petro
1003 459 1204 505 Domino
1250 458 1413 504 Leckii
1462 476 1584 505 anno

263 546 413 598 1318,
451 544 655 605 vectigal
686 558 820 587 suum
853 539 1098 585 transtulit
1128 556 1155 583 a
1197 539 1492 585 Smithuizen
1526 541 1587 585 ad

256 625 597 675 Emmerieam,
629 637 753 683 quae
788 619 903 664 urbs
935 619 1024 662 sita
1058 625 1129 661 est
1163 617 1223 662 ad
1254 618 1475 663 Rhenum
1507 619 1586 681 (l).

323 706 416 752 Sed
460 704 519 750 de
569 705 676 749 loeo
732 701 816 746 ubi
874 699 1053 744 divisus
1106 697 1253 743 fuerit
1293 698 1489 744 Rhenus
1532 707 1588 744 ut

250 788 354 849 jam
399 785 520 837 dixi,
563 783 685 827 nihil
730 780 851 826 certi
892 793 1140 840 possumus
1187 777 1377 829 dicere,
1431 784 1588 822 tamen

255 868 479 930 plerique
530 862 733 909 credunt
767 860 910 905 fuisse
946 859 1080 904 illum
1115 858 1242 901 ultra
1276 856 1588 917 Burginatum

258 955 309 993 et
368 947 515 1007 igitur
569 942 772 987 insulam
823 939 1112 984 Batavorum
1153 936 1382 996 majorem
1446 937 1589 983 fuisse

252 1041 395 1087 quam
432 1022 587 1068 hodie.

320 1103 537 1151 Vidimus
566 1101 628 1146 de
658 1100 794 1145 alveo
825 1097 992 1143 dextro
1023 1098 1195 1145 Rheni.
1260 1098 1397 1142 Nune
1427 1098 1590 1144 videa·-

253 1201 356 1231 mus
387 1183 446 1228 de
478 1181 670 1227 sinistro
706 1178 876 1225 Vahali
910 1177 1068 1234 dict03
1105 1193 1297 1222 cursum
1333 1195 1468 1222 suum
1501 1178 1589 1223 ha—

251 1265 336 1310 bet
364 1263 501 1324 juxta
534 1260 841 1319 Neomagum,
876 1257 1073 1302 flectens
1118 1274 1217 1302 sese
1251 1257 1311 1302 ad
1346 1257 1586 1309 Thielam,

253 1344 361 1390 fluit
401 1344 524 1387 inter
575 1326 823 1383 meridiem
871 1343 921 1381 et
968 1352 1180 1381 oscasum
1219 1352 1371 1396 usque
1411 1336 1471 1380 ad
1510 1353 1587 1381 ar-

252 1439 354 1469 cem
396 1422 717 1480 Loevesteyn,
769 1432 866 1477 quo
918 1417 1023 1461 loco
1063 1417 1242 1460 vahalis
1291 1433 1341 1461 se
1388 1416 1588 1476 conjun-

253 1505 322 1565 git
357 1518 464 1548 cum
510 1502 666 1551 Mosa,
700 1497 828 1542 unde
874 1497 992 1542 haec
1036 1496 1131 1541 duo
1184 1497 1381 1541 flumina
1414 1512 1588 1541 nomen

250 1583 495 1644 accipiunt
543 1578 811 1634 Merwede3
861 1576 944 1621 sed
997 1577 1089 1621 hoc
1139 1593 1312 1621 nomen
1362 1593 1459 1620 non
1503 1576 1588 1620 diu

250 1665 483 1713 retinent,
530 1676 638 1705 nam
682 1673 789 1702 mox
829 1655 1070 1716 recipiunt
1121 1671 1293 1700 nomen
1336 1654 1490 1699 Mosae
1538 1662 1588 1700 et

245 1743 493 1807 profluunt
539 1740 588 1784 in
622 1754 750 1784 mare
788 1736 1186 1798 Septentrionale.

310 1820 574 1868 Posteriori
625 1827 837 1878 tempore
894 1815 1088 1861 Vahalis
1136 1831 1244 1860 eum
1302 1815 1429 1859 Mosa
1477 1831 1590 1860 eon-

244 1904 443 1964 junetus
495 1907 590 1951 est,
640 1912 793 1959 prope
838 1896 1084 1942 castellum
1131 1896 1197 1940 St.
1250 1894 1459 1940 Andries
1509 1895 1588 1956 (2).

264 1996 732 2015 --........—--

319 2044 386 2089 (1)
416 2044 496 2079 Hac
529 2041 573 2076 de
607 2052 646 2075 re
679 2038 769 2076 Vid.
800 2037 879 2074 Hos
910 2040 1014 2073 Oude
1044 2039 1231 2074 διαί-[ενι.
1263 2039 1334 2074 ΙΨΊ.
1375 2041 1481 2084 1570.
1519 2040 1569 2075 D.

319 2111 385 2156 (2)
416 2106 500 2144 Fuit
521 2106 631 2141 etiam
647 2104 778 2140 tertius
800 2102 927 2139 Rheni
941 2102 1070 2138 alveus
1082 2116 1211 2139 versus
1231 2103 1571 2151 septentrionalem

267 2175 419 2211 Geli-iac
453 2180 600 2222 partem
635 2170 700 2206 ubi
732 2182 834 2205 nunc
868 2177 925 2204 est
959 2168 1063 2204 sinus
1086 2170 1198 2204 maris
1230 2167 1571 2214 Aust1-alis(Zu1·-

266 2242 401 2275 Λευ-,τερ
417 2242 445 2281 ).
518 2235 666 2272 Iudicat
708 2234 782 2270 hoc
826 2236 1059 2279 Pomponius
1105 2235 1213 2269 Mela
1254 2236 1299 2270 de
1330 2237 1418 2270 Situ
1455 2236 1569 2270 orbis.

263 2303 336 2338 hb
388 2304 462 2338 111.
495 2303 591 2350 Cap.
625 2316 659 2336 2.
688 2301 724 2335 in
759 2301 847 2336 sine.
879 2299 1073 2336 «Rhenus
1097 2300 1145 2335 ab
1169 2299 1333 2349 Alpibus
1367 2299 1566 2342 decidens,

265 2384 281 2400 (ι
298 2380 419 2416 prope
453 2381 472 2401 a
518 2364 641 2414 capite
688 2365 783 2399 duos
824 2363 928 2399 lacus
963 2363 1095 2409 efficit,
1134 2365 1324 2402 Venetam
1368 2371 1406 2398 et
1443 2365 1571 2398 Acro-

263 2433 409 2468 «nium.
464 2433 550 2468 Mox
571 2430 634 2464 diu
660 2428 801 2464 solidus
817 2457 825 2473 ,
850 2436 887 2463 et
913 2435 1015 2463 certo
1040 2428 1146 2465 alveo
1170 2431 1322 2477 lapsus,
1349 2427 1452 2462 haud
1477 2440 1569 2475 pro-

263 2497 354 2532 ‹xcul
387 2510 405 2530 a
440 2496 532 2533 Mari
577 2494 651 2529 huc
681 2501 717 2528 et
758 2491 848 2526 illuc
893 2491 1150 2540 dispergitur3
1194 2493 1259 2527 sed
1296 2493 1344 2528 ad
1380 2492 1567 2528 sinistram

263 2578 278 2593 (ι
296 2560 415 2595 amnis
449 2561 560 2594 ctiam
585 2568 684 2601 tum,
712 2564 747 2592 et
788 2556 909 2591 donec
942 2558 1087 2601 effluat,
1110 2555 1293 2599 Rhenus;
1320 2557 1367 2592 ad
1401 2557 1568 2592 dextram

264 2624 417 2674 api-imo
449 2632 629 2671 augustus
660 2630 697 2658 et
733 2621 787 2656 sui
829 2620 981 2666 similis,
1022 2629 1109 2670 post
1144 2622 1238 2671 ripis
1271 2622 1383 2670 longe
1415 2628 1452 2657 et
1493 2619 1567 2655 late
