1811 3358
839 257 932 305 120

226 404 313 435 um
350 395 398 435 ct
446 384 657 433 fidelium
709 388 1045 440 servitiorum,
1092 403 1217 448 quae
1261 388 1362 448 ipsc
1403 389 1567 440 nobis->5

187 458 189 461 ι
227 479 282 516 et
328 484 461 514 sacro
510 467 712 528 imperio
747 468 1011 520 multoties,
1061 474 1112 512 et
1146 483 1287 528 saepe
1323 469 1564 523 exhibuit,

230 558 280 595 et
330 556 439 611 post
475 547 563 592 hac
607 546 765 591 adhuc
801 546 975 592 futuris
1013 546 1308 608 temporibus
1344 548 1569 595 exhibere

231 639 389 692 potest
416 637 464 674 ct
496 627 652 673 debet.
689 628 750 672 Et
775 627 980 689 benigne
1013 627 1368 673 considerantes
1404 629 1567 682 etiam,

230 709 362 771 quod
411 709 538 770 ipse,
591 709 663 752 uti
706 717 845 753 natus
879 710 1130 770 princeps,
1183 723 1287 769 pro·
1318 709 1570 757 nobilitate

230 809 315 837 sua
358 790 418 836 ad
457 791 549 835 hoc
583 790 753 851 dignus
792 798 864 835 est
907 791 1211 851 promoveri,
1261 798 1310 834 et
1350 791 1571 844 exaltari,

227 879 278 915 ct
331 870 464 931 quod
516 869 575 915 ad
626 886 735 915 cum
789 871 900 915 talia
952 870 1240 931 principalia
1294 868 1461 924 feuda,
1523 878 1572 916 et

225 952 529 1012 principatus
588 959 781 1001 tenere,
851 958 900 993 ct
952 950 1196 1010 possidere
1261 951 1474 1010 pertinet
1522 959 1572 996 ct

226 1032 474 1090 contingit.
544 1029 603 1073 Et
651 1029 787 1089 quod
832 1029 933 1088 ipsc
983 1030 1123 1073 etiam
1160 1045 1215 1073 ex
1252 1038 1391 1089 parte
1427 1031 1571 1091 gladii

229 1120 301 1156 est
335 1119 497 1162 natus,
520 1127 661 1155 verus
696 1118 914 1171 agnatus,
936 1117 984 1155 et
1017 1124 1166 1170 nepos
1196 1109 1404 1169 praefati
1438 1110 1572 1155 ducis

228 1191 458 1251 Reynaldi
481 1226 490 1243 ,
526 1200 574 1235 et
606 1207 704 1250 quo
740 1191 842 1251 ipse
880 1197 990 1250 post
1034 1189 1124 1234 hac
1157 1188 1296 1234 nobis
1342 1198 1390 1235 et
1439 1206 1572 1235 sacro

230 1273 442 1334 Imperio
491 1273 682 1324 melius,
716 1278 765 1316 et
808 1270 997 1315 fidelius
1045 1269 1310 1321 inservire,
1356 1276 1404 1313 et
1442 1268 1571 1329 apud

228 1367 338 1404 nos,
387 1361 436 1397 et
478 1353 662 1398 dictum
714 1367 901 1398 sacrum
947 1350 1214 1411 Imperium
1257 1366 1570 1412 permanet-e,

225 1449 280 1478 ac
328 1434 465 1478 nobis
508 1434 728 1479 assistere
764 1433 916 1494 possit
964 1439 1013 1476 et
1057 1431 1260 1483 debeat,
1313 1447 1410 1475 una
1461 1445 1571 1475 cum

228 1513 324 1556 suis
359 1513 619 1559 heredibus
664 1523 712 1559 et
748 1512 1113 1559 successoribus.
1168 1513 1435 1572 Propterea
1470 1512 1573 1555 ani-

224 1607 301 1635 mo
335 1592 631 1644 deliberato,
677 1601 864 1637 maturo
915 1592 1112 1636 consilio
1159 1591 1421 1635 multorum
1456 1607 1567 1634 nos-

228 1679 413 1715 trorum
450 1680 499 1717 et
533 1671 655 1716 sacri
684 1670 882 1731 Imperii
926 1669 1201 1730 principum
1241 1668 1568 1721 dominorum,

223 1751 487 1803 nobilium,
537 1758 586 1795 et
637 1748 880 1800 fidelium,
914 1747 1131 1809 praefato
1181 1747 1293 1791 duci
1337 1747 1568 1809 Adolpho

228 1831 531 1892 praedictum
590 1830 818 1874 ducatum
879 1837 926 1873 et
973 1828 1298 1888 principatum
1349 1826 1569 1880 Gelriae,

226 1919 276 1957 et
309 1911 580 1972 praefatum
634 1910 912 1955 comitatum
956 1908 1279 1969 zutphaniae,
1329 1924 1435 1952 cum
1472 1925 1572 1953 om·-

225 1991 366 2036 nibus
415 1992 509 2037 suis
557 1989 932 2052 praenominatis
986 1987 1276 2039 honoribus,
1323 1987 1571 2047 dignitati-

224 2071 337 2122 bus,
375 2070 662 2122 ditionibus,
708 2069 957 2120 dominiis,
1013 2068 1292 2119 comitibus,
1337 2067 1567 2120 dominis,

227 2151 363 2201 viris,
418 2150 645 2202 Vasallis‚
706 2148 978 2210 equitibus,
1029 2148 1302 2209 peditibus,
1356 2149 1567 2202 arcibus,

223 2229 501 2282 fortaliciis,
537 2229 739 2274 urbibus
767 2229 984 2289 oppidiS‚
1021 2229 1177 2289 pagis,
1217 2230 1379 2282 terris,
1415 2230 1572 2274 homi-⁴

225 2309 390 2361 nibus,
441 2309 738 2360 redditibus,
776 2307 1020 2359 censibus,
1067 2308 1357 2353 utilitatibus
1407 2314 1570 2352 mone-4

225 2391 313 2442 tis,
355 2390 592 2442 baneriis,
637 2388 858 2449 juribus,
904 2386 1321 2447 jurisdictionibus
1370 2386 1564 2438 liberis,

228 2470 579 2522 tribunalibus,
616 2476 663 2514 et
682 2467 878 2527 judiciis
898 2501 907 2516 ,
944 2467 1252 2509 venationum
1280 2466 1569 2526 prohibitio-

230 2552 396 2603 nibus,
437 2552 595 2613 sylvis,
652 2550 833 2611 pratiS,
867 2547 1018 2607 agris·‚
1050 2547 1254 2607 campis,
1293 2546 1448 2606 aquiS,
1478 2547 1568 2590 ssu-

227 2632 462 2684 minibus,
491 2633 747 2695 paludibus
779 2632 875 2676 sive
923 2630 1120 2681 viminis,
1168 2631 1382 2690 pascuis,
1431 2646 1568 2687 austrea
