1811 3358
867 241 928 287 28

242 379 570 430 communione
604 375 802 435 ejiceret
850 371 923 432 (in
968 369 1062 414 den
1102 367 1196 412 ban
1237 366 1408 426 doen),
1444 366 1578 426 quod

244 458 543 508 confirmavit
590 452 811 501 Pontifex
854 449 1191 501 Innocentius,
1243 455 1293 493 et
1327 443 1460 506 quod
1494 445 1584 490 du-

247 540 372 588 ravit
412 554 503 601 per
535 534 597 582 18
629 548 839 583 menses,
883 546 1035 590 quum
1077 545 1168 589 pax
1207 527 1299 573 suit
1343 524 1580 571 restituta.

312 614 608 665 Duiantibus
650 611 723 656 his
770 607 1041 659 discordiiS‚
1092 607 1362 667 Imperator
1409 606 1586 652 Roma-

245 713 418 746 norum
469 694 721 755 Philippus
762 691 945 736 Suevus
992 695 1096 734 erat
1149 688 1331 733 occisus
1377 685 1458 733 die
1511 685 1586 732 ll.

243 775 526 827 Novembris
555 777 668 818 anni
697 768 836 817 1208.
886 768 1020 814 Tunc
1058 783 1226 829 magna
1252 767 1590 830 suffragiorum

243 863 384 922 parte
444 851 711 915 eligebatur
759 849 875 894 Otto
924 847 1207 904 Saxonicu53
1269 848 1351 892 alii
1420 853 1589 892 contra

249 936 559 985 Fredericum
644 931 852 977 Suevum
928 928 1107 988 eligere
1174 926 1424 980 volebant,
1511 925 1592 971 cui

247 1018 392 1064 etiam
443 1012 635 1060 favebat
688 1008 934 1065 Pontife13
1000 1008 1080 1052 hic
1135 1008 1589 1070 igitur'inaugura-

246 1104 328 1142 ‘tus
363 1100 434 1140 est
477 1089 750 1152 Moguntiae
784 1086 922 1132 1210.
976 1083 1247 1132 Gerhartus
1289 1093 1451 1146 partes
1487 1086 1592 1145 ejus

251 1175 495 1237 amplexus
530 1177 621 1222 est,
673 1183 771 1229 quo
823 1166 1001 1211 multae
1054 1164 1321 1211 discordiae
1354 1173 1468 1211 sunt
1514 1181 1594 1210 or-

250 1263 328 1301 tae
380 1254 507 1298 inter
560 1250 788 1295 Ottonem
835 1253 884 1291 et
949 1243 1267 1303 Gerhartum3
1314 1261 1424 1290 nam
1475 1245 1591 1292 Otto

250 1334 425 1385 invasit
470 1329 683 1378 Geli-iam
731 1334 878 1386 atquc
914 1325 1143 1370 Comitem
1176 1333 1420 1386 captivum
1450 1324 1590 1383 secit3

252 1416 339 1478 qui
387 1422 545 1459 tamen
584 1407 759 1454 auxilio
801 1406 954 1451 soceri
985 1405 1258 1451 libertatem
1304 1405 1508 1467 recepit,
1543 1413 1593 1451 et

255 1494 435 1542 amicus
501 1489 691 1536 Ottonis
740 1495 907 1548 postea
961 1485 1113 1532 sactus
1165 1493 1237 1530 est
1285 1485 1364 1547 (l).
1433 1485 1594 1531 Mense

255 1573 372 1620 Julii
414 1570 525 1616 anni
573 1568 697 1613 1215
727 1574 943 1611 mortuus
979 1572 1050 1609 est
1097 1563 1317 1609 Pontifex
1359 1565 1597 1610 Innocen-

253 1655 349 1700 tius
395 1661 541 1713 atque
586 1655 701 1693 tunc
743 1645 933 1691 demum
979 1644 1096 1690 Otto
1143 1643 1195 1688 in
1242 1642 1457 1704 Imperio
1505 1660 1591 1690 suo

258 1733 565 1780 confirmatus
613 1735 699 1773 est.

328 1813 474 1857 Anno
506 1815 666 1854 autem
703 1803 825 1851 1227
851 1803 910 1848 lis
937 1808 1044 1847 orta
1075 1808 1147 1847 est
1181 1801 1308 1846 inter
1338 1800 1600 1863 Egbertum

260 1889 607 1954 Burggravium
654 1884 928 1945 Groningae
973 1890 1023 1928 et
1073 1881 1383 1943 Rudolphum
1419 1880 1599 1930 Covor-

261 1973 503 2021 diensem,
566 1966 702 2026 cujus
754 1963 852 2008 litis
899 1961 1159 2024 participes
1210 1961 1353 2006 etiam
1401 1959 1599 2008 fuerunt

261 2051 530 2100 Gerhartus
573 2055 622 2093 et
665 2044 930 2106 Episcopus
966 2041 1344 2101 Ultrajectensis.
1406 2039 1600 2088 Geli-iae

267 2131 416 2177 totius
443 2127 678 2174 exercitus
709 2131 818 2186 post
845 2128 1048 2167 mortem
1066 2120 1291 2183 Episcopi
1313 2137 1476 2167 errore
1498 2122 1603 2168 via-

268 2226 375 2257 rum
410 2208 504 2254 alio
541 2206 725 2250 delatus
771 2211 869 2255 est,
916 2210 965 2247 et
1001 2218 1154 2263 prope
1189 2202 1470 2248 Covordiam
1499 2202 1604 2262 plc-

273 2293 412 2351 rique
448 2285 719 2348 gravissime
755 2282 1023 2334 vulnerati,
1069 2283 1119 2327 in
1156 2299 1320 2328 manus
1354 2298 1408 2327 ac
1441 2288 1605 2341 potes-

271 2378 417 2415 tatem
477 2366 625 2412 hostis
685 2364 782 2408 vivi
848 2370 1098 2408 venerunt.
1183 2363 1446 2423 Episcopus
1502 2368 1604 2406 tum

275 2451 426 2494 factus
459 2453 529 2491 est
560 2441 881 2491 Vilibrandus.
951 2441 1184 2501 Tempore
1217 2439 1465 2486 electionis
1499 2449 1604 2496 erat

346 2620 408 2668 (ι)
450 2618 527 2656 Vid
568 2617 671 2654 Riese
700 2616 795 2653 Hist.
825 2613 935 2652 Geir.
969 2616 1017 2651 M.
1049 2615 1084 2650 S.
