1811 3358
867 268 926 315 13

247 399 317 444 De
367 398 560 443 flumine
605 397 729 443 Mosa
779 398 962 459 aliquid
1006 405 1076 444 est
1110 397 1390 445 addendum.
1455 402 1563 449 Ori-

245 480 400 540 ginem
448 495 576 542 suam
619 478 752 523 ducit
804 495 829 524 c
877 480 1075 525 Francia
1112 480 1284 525 deinde
1326 480 1565 540 perfluens

243 560 485 620 regionem
535 557 840 603 Leodiensem
902 559 1223 617 (Luikerland
1279 561 1417 621 vulgo
1468 561 1568 607 dic-

245 641 368 699 tum)
402 638 539 698 juxta
583 638 941 684 Ruremondum
981 647 1030 684 et
1062 639 1291 686 Venloam
1336 638 1444 683 fluit
1475 655 1564 700 per

245 718 548 763 Brabantiam
609 717 1066 776 septentrionalem,
1128 717 1265 777 juxta
1313 715 1563 769 Graviam,

241 798 352 843 inde
399 797 537 857 juxta
584 796 836 840 nonnullos
882 809 1025 857 pagos
1090 804 1139 841 et
1198 796 1442 842 castellum
1501 796 1567 848 St,

240 877 449 922 Andries
497 884 546 922 et
591 876 887 922 Crevecoeur
940 893 1093 937 usque
1144 876 1204 923 ad
1251 878 1410 922 locum
1468 892 1566 937 quo

239 970 288 1001 se
340 954 587 1015 conjungit
631 970 736 998 cum
787 955 979 1001 Vahale.

304 1035 430 1080 Isala
463 1034 541 1080 vel
588 1034 711 1078 15313
745 1035 921 1087 Vetus,
971 1036 1201 1097 originem
1244 1050 1375 1081 suam
1419 1034 1566 1080 habet

239 1132 294 1161 ex
328 1112 601 1176 regionibus
636 1115 861 1159 montosis
891 1114 1249 1175 Westphaliae,
1284 1116 1436 1161 currit
1454 1116 1565 1176 jux—

241 1203 289 1241 ta
332 1193 621 1240 Mariondaal
668 1201 716 1238 et
763 1195 1078 1256 Ringelberg,
1122 1197 1172 1240 in
1201 1196 1390 1242 Ducatu
1421 1197 1565 1243 Clivi-

241 1275 365 1326 ensi,
429 1282 478 1319 et
527 1273 637 1318 inde
698 1291 863 1319 versus
927 1276 1310 1335 Septentrionem
1369 1291 1561 1320 cursum

239 1369 375 1400 suum
427 1353 571 1398 habet
611 1353 749 1414 juxta
796 1355 1183 1407 Doetiehemum,
1229 1355 1280 1399 in
1327 1354 1562 1401 Comitatu

241 1434 536 1494 Zutphaniae
584 1440 633 1477 et
675 1450 723 1478 se
768 1434 1015 1496 conjungit
1044 1451 1196 1496 prope
1235 1435 1563 1496 Doesburgum

241 1529 348 1557 eum
395 1513 519 1558 Isala
563 1510 712 1569 Nova3
765 1513 853 1558 hae
889 1514 1010 1559 duae
1046 1516 1328 1575 conjunctae
1371 1516 1560 1561 nomine

237 1592 385 1638 Isalae
437 1594 786 1654 praeterfluunt
847 1594 1184 1655 Zutphaniam,
1252 1596 1560 1642 Daventriam

253 1806 272 1825 »
285 1792 568 1838 recedentibus,
599 1795 673 1842 jam
699 1805 773 1828 non
804 1793 913 1829 annis
945 1794 1011 1830 sed
1032 1794 1166 1844 ingens
1200 1794 1325 1841 lacus,
1351 1794 1417 1831 ubi
1438 1808 1541 1831 cam-

249 1869 270 1888 2)
282 1870 352 1905 pos
372 1856 561 1906 implevit,
594 1857 706 1893 Flevo
730 1855 885 1894 dicitur:
916 1860 1156 1909 ejusdemque
1189 1859 1353 1896 nominis
1375 1860 1540 1896 insnlam

249 1923 498 1972 »amplexus‚
528 1924 571 1959 fit
595 1923 737 1959 ieerum
761 1924 899 1959 arctior
922 1924 1133 1974 iterumque
1158 1924 1290 1961 fluvius
1313 1924 1539 1963 emittitur.”

248 1987 424 2023 Ceterum
467 1987 594 2024 Rheni
629 1987 756 2024 alveos
798 1987 978 2024 describit
1026 1992 1186 2025 Tacitus
1226 1991 1373 2026 Amal.
1407 1991 1462 2026 ΙΙ.
1499 1992 1540 2029 6.

248 2064 268 2082 ³>
281 2052 374 2087 Nam
408 2052 566 2089 Rhenus
598 2065 675 2088 uno
716 2051 824 2088 alveo
860 2051 1084 2099 continuus,
1133 2060 1197 2088 aut
1226 2053 1393 2090 modicas
1433 2054 1542 2090 insu-

245 2128 265 2147 )>
278 2115 333 2151 135
366 2116 662 2154 circumveniens
699 2116 802 2164 apud
834 2115 1067 2165 principium
1103 2116 1185 2166 agri
1224 2117 1374 2164 Batavi,
1423 2118 1541 2156 veluti

246 2181 318 2215 »in
347 2180 441 2216 duos
470 2193 601 2216 amnes
644 2179 820 2216 dividitur
857 2187 1054 2228 servatque
1085 2194 1225 2217 nornen
1252 2189 1290 2217 et
1320 2181 1539 2218 violentiam

241 2257 262 2277 2)
276 2256 428 2290 cursus,
456 2258 528 2294 qua
559 2243 1094 2293 Germaniamjpraevehitur,
1120 2246 1241 2282 donec
1262 2247 1415 2285 Oceano
1445 2247 1537 2283 mis-

241 2317 422 2352 »ceatur3
462 2310 509 2345 ad
549 2309 735 2345 Gallicam
767 2309 890 2358 ripam
920 2308 1030 2345 latior
1061 2317 1098 2346 et
1129 2310 1315 2359 placidior
1344 2311 1533 2357 adfluens,

243 2386 383 2410 »verso
410 2381 661 2422 cognomento
685 2373 896 2420 (Vahalem
920 2373 1071 2410 accolae
1098 2374 1247 2419 dicunt)
1273 2389 1360 2411 mox
1380 2375 1418 2411 id
1441 2390 1536 2425 quo-

240 2451 348 2488 »que
386 2438 613 2476 vocabulum
655 2447 773 2474 mutat
820 2442 924 2476 Mosa
970 2439 1118 2475 flumine
1158 2440 1313 2489 ejusque
1352 2439 1536 2477 immenso

240 2517 260 2536 »
273 2519 359 2550 ore,
399 2506 559 2541 eundem
590 2504 629 2541 in
662 2506 855 2543 Oceanum
889 2505 1135 2542 effunditur.'’
1190 2506 1302 2542 conf.
1334 2506 1446 2541 etiam
1487 2508 1533 2543 do

244 2580 353 2605 cursu
382 2573 508 2607 Mosae
549 2578 587 2607 et
617 2569 743 2607 Rheni
784 2573 930 2608 Caesar
964 2573 1009 2608 de
1045 2573 1162 2607 Bello
1197 2572 1302 2608 Gall,
1341 2571 1427 2609 Lib.
1460 2573 1531 2613 IV.

241 2634 332 2680 Cap.
371 2646 426 2671 ιο,
942 2654 946 2656 Ἴ
1216 2654 1219 2658 -
