1811 3358
890 205 951 255 48

251 341 537 391 Rcinaldum
579 338 668 384 sibi
707 338 1002 400 sequendum
1038 338 1363 399 tuendumque
1407 338 1578 385 adscit-‚2

252 422 484 470 centibus.
1572 470 1574 472 ‚

317 502 459 548 Anno
511 498 633 548 1347
681 499 835 546 adfuit
880 501 1033 554 bello,
1094 518 1121 547 a
1180 501 1397 547 Johanne
1449 501 1582 546 Duce

253 582 564 633 Brabantiae,
619 583 811 641 (socerc
860 597 943 626 suo
988 581 1180 642 futuro)
1242 589 1372 643 gesto
1416 588 1585 626 contra

251 663 559 709 Leodienses:
609 669 657 706 ct
703 662 754 706 in
797 662 980 723 praelio
1025 661 1153 723 apud
1203 659 1373 709 Walef
1402 661 1480 706 die
1523 659 1582 706 21

253 744 372 789 Julii
415 743 526 788 anni
577 740 699 790 1347
746 750 934 787 creatus
977 751 1048 788 est
1096 758 1243 802 eques
1293 741 1375 803 (1).

319 823 475 875 Puer,
519 822 621 882 jam
668 822 979 883 desponsatus
1031 831 1102 869 est
1153 841 1181 869 a
1226 831 1395 884 patre,
1459 821 1587 867 filiae

253 909 372 947 natu
416 901 591 946 minori
646 901 874 947 Johannis
925 902 1069 947 Ducis
1111 902 1410 948 Brabantiae.
1492 900 1589 948 Sed

254 999 353 1027 non
394 983 578 1043 placuit
631 982 792 1033 matri,
844 997 954 1026 nam
999 982 1138 1040 jussu
1179 982 1324 1041 hujus
1366 981 1590 1027 nonnulli

255 1062 512 1109 adiverunt
547 1060 857 1108 Guiliehnum
903 1060 1134 1105 Comitem
1162 1060 1464 1113 Hollandiae,
1498 1061 1592 1106 hu·-

250 1143 332 1202 jus
365 1142 569 1187 nominis
595 1142 688 1195 IV,
729 1142 817 1202 qui
860 1140 1156 1186 conditiones
1192 1141 1404 1203 conjugii
1436 1141 1593 1202 pacis·-

259 1229 487 1267 cerentur
528 1221 655 1265 intcr
700 1235 912 1265 sororem
955 1219 1059 1279 ejus
1094 1219 1349 1264 Isabellam
1392 1227 1442 1265 et
1475 1220 1593 1266 Rei-

256 1301 453 1347 naldum
505 1301 700 1346 Ducem.
768 1300 1050 1345 Contractus
1093 1300 1329 1361 Nuptialis
1381 1300 1593 1361 signatus

259 1389 331 1427 cst
377 1381 455 1426 die
493 1381 525 1426 9
567 1380 847 1427 Novembris
888 1381 1002 1426 anni
1042 1378 1166 1426 1344
1206 1379 1508 1440 Medioburgi
1541 1380 1594 1423 in

259 1478 356 1522 quo
400 1468 674 1506 contractus
706 1459 982 1512 dicebatur,
1031 1460 1070 1504 si
1100 1458 1361 1505 Reinaldus
1392 1458 1593 1504 morire·—

259 1552 340 1589 tur
379 1550 637 1601 antequam
678 1540 870 1600 nuptias
918 1540 1041 1584 inire
1077 1548 1239 1599 posset
1274 1554 1382 1584 cum
1412 1538 1596 1584 Isabel-

264 1624 334 1675 la,
370 1622 550 1666 hancce
599 1626 859 1680 nupturam
891 1617 1030 1663 fratri
1062 1618 1165 1678 ejus
1200 1618 1438 1663 Eduardo.
1500 1616 1595 1663 Sed

258 1718 358 1748 non
391 1700 584 1747 videtur
619 1699 711 1744 hoc
737 1698 1093 1744 matrimonium
1125 1706 1425 1743 contractum
1450 1698 1595 1743 fuisso

260 1784 388 1827 inter
431 1796 535 1826 eam
587 1786 636 1823 ct
679 1776 989 1829 Rcinaldum,
1037 1792 1147 1821 nam
1181 1784 1349 1838 postea
1393 1776 1599 1822 Isabella

260 1870 413 1924 nupta
458 1868 530 1906 est
574 1857 790 1912 Robcrto
826 1857 1007 1904 Comite
1050 1857 1326 1911 Flandriac,
1373 1857 1599 1903 Namurci

261 1953 310 1990 ct
343 1942 546 1989 Domino
578 1957 605 1985 a
639 1939 869 1985 Beaufort
902 1940 979 2001 (2).
1028 1939 1289 1985 Rcinaldus
1319 1954 1435 1983 vero
1465 1953 1598 1982 men-

263 2039 311 2068 se
367 2021 510 2066 Junio
563 2034 686 2064 anno
752 2016 874 2065 1347
926 2019 1282 2064 matrimonium
1331 2018 1440 2062 iniit
1491 2033 1599 2062 cuni

264 2102 414 2150 Maria
444 2097 732 2145 Brabantiac
763 2101 814 2143 in
844 2098 965 2145 urbe
997 2098 1296 2161 Antverpiac
1331 2097 1421 2158 (3);
1468 2097 1601 2158 quod

265 2198 364 2228 non
410 2178 662 2241 impedivit
708 2194 807 2238 quo
849 2179 1004 2224 minus
1049 2178 1203 2225 fidelis
1246 2187 1461 2225 maneret
1504 2179 1605 2224 An-

268 2263 354 2323 glis
405 2267 574 2306 contra
618 2259 822 2304 Francos
865 2256 944 2321 (4).

340 2394 404 2440 (1)
432 2391 524 2430 Vid.
553 2390 721 2426 Butkens
751 2388 951 2439 Trophces
978 2388 1023 2427 dc
1051 2391 1166 2430 Brab.
1197 2392 1307 2429 Tom.
1335 2388 1366 2429 Ῑ.
1395 2404 1437 2440 p.
1465 2390 1555 2428 436.

341 2459 406 2505 (2)
434 2455 524 2496 Vid.
553 2455 722 2491 Butkcns
749 2453 776 2490 l.
807 2467 840 2491 c,
868 2468 909 2503 p.
936 2457 1026 2492 444.

343 2522 406 2569 (3)
434 2521 524 2559 Vid.
552 2520 719 2557 Butkens
747 2519 773 2554 l.
802 2531 834 2555 e.
864 2532 905 2567 p.
934 2522 1006 2555 456

348 2587 412 2636 (i)
444 2586 533 2626 Vid.
563 2588 704 2634 Ryuier
730 2585 758 2623 l.
786 2597 819 2623 C.
849 2599 888 2633 p.
920 2599 987 2632 21,
1019 2586 1088 2632 44,
1125 2588 1192 2620 133
