1811 3358
798 245 859 290 85

170 382 262 419 tem
290 390 343 418 ae
379 375 505 420 vitae
542 373 874 420 innocentiam.
924 374 1185 435 Regnavit,
1222 377 1258 420 si
1296 385 1500 439 tempus,

165 469 263 515 quo
299 455 514 514 captivus
557 454 646 498 suit
694 461 1018 515 computetur,
1055 469 1201 502 annos
1233 456 1289 499 51
1319 464 1367 502 et
1396 473 1508 518 per-

166 535 298 580 venit
336 534 396 579 ad
430 541 636 578 aetatem
679 533 743 579 65
779 550 1026 578 annorum.

230 616 398 662 Statim
445 623 554 676 post
588 623 792 660 mortem
827 615 1036 660 Arnoldi
1072 615 1237 665 Ducis,
1285 613 1504 673 Burgun-

164 695 273 740 diae
323 694 425 739 Dux
468 695 663 740 Carolus
701 696 909 739 animum
950 710 1004 738 ae
1037 710 1228 738 manum
1262 694 1410 738 vertit
1443 694 1503 738 ad

164 775 409 818 universas
427 772 619 820 Gelriae
639 773 870 823 ditiones,
906 774 953 816 vi
982 780 1280 824 contractus,
1314 771 1374 816 de
1404 788 1502 832 quo

163 853 401 913 superiuS‚
437 851 526 896 sub
560 867 697 895 suum
733 851 1016 910 obsequium
1055 851 1361 896 reducendus,
1395 853 1500 897 Non

162 931 304 978 desiit
352 931 454 992 ipse
508 931 729 983 Carolus,
781 931 933 975 missis
977 932 1027 975 in
1071 930 1282 977 Gelriam
1316 933 1502 993 legatiS,

164 1011 412 1056 civitatum
456 1010 724 1071 praefectos
772 1009 1061 1069 ordinesque
1111 1011 1254 1056 totius
1305 1009 1501 1055 ditionis

164 1089 426 1134 identidem
479 1103 534 1133 ac
592 1087 716 1132 serio
769 1086 1038 1140 adhortari,
1088 1095 1144 1132 ut
1191 1104 1351 1141 suum,
1416 1097 1500 1134 aut

164 1169 296 1228 ejus,
339 1183 488 1228 quem·
526 1181 611 1211 suo
642 1165 702 1210 ad
748 1181 830 1210 eos
859 1166 1050 1210 nomine
1086 1175 1209 1213 esset
1246 1169 1496 1221 missurus,

163 1242 417 1307 imperium
449 1246 747 1304 reciperent3
779 1259 853 1295 se,
893 1244 985 1289 nisi
1016 1243 1258 1299 facerent,
1278 1263 1386 1292 cum
1415 1263 1497 1292 ex-

162 1326 320 1371 ercitu
370 1340 475 1388 mox
517 1322 820 1375 adfuturum,
869 1340 924 1368 ac
964 1323 1046 1384 jus
1093 1325 1226 1385 quod
1271 1326 1362 1372 sibi
1408 1328 1498 1374 de-

162 1404 361 1449 beretur
396 1404 535 1448 armis
585 1404 854 1448 allaturum.
923 1404 1017 1449 Sed
1063 1405 1206 1464 legati
1250 1421 1357 1450 eum
1407 1409 1496 1452 mi-

164 1500 252 1528 nus
302 1481 508 1526 secunda
558 1480 821 1531 referrent,
867 1489 1156 1542 paratosque
1208 1482 1378 1530 Gelros
1421 1486 1495 1531 di-

164 1571 353 1613 cerent,
400 1562 559 1621 potius
598 1561 765 1604 ultima
805 1563 1031 1621 experiri,
1079 1579 1223 1622 quam
1263 1566 1495 1626 imperata

164 1641 346 1693 faeere,
393 1641 527 1685 venit
569 1640 862 1686 valencenas
911 1641 1017 1685 Dux
1062 1641 1280 1696 Carolus,
1333 1654 1387 1691 ut
1426 1647 1494 1692 ibi

163 1712 413 1781 collegium
447 1720 677 1779 Equitum
709 1720 843 1764 aurei
877 1720 1082 1767 Velleris
1117 1724 1377 1784 suppleret.
1420 1726 1497 1772 Ci-

160 1800 356 1846 tandum
407 1800 543 1844 simul
587 1799 754 1844 eodem
801 1800 1078 1861 Adolphum
1123 1801 1491 1862 Gelrumssfecit3

162 1887 308 1940 atque
356 1895 464 1924 eum
512 1880 560 1924 in
623 1880 765 1940 pleno
814 1880 964 1941 Belgii
1011 1882 1189 1926 Senatu
1249 1898 1337 1943 per
1391 1884 1494 1930 fisci

163 1958 446 2004 advocatum
472 1959 686 2004 accusari
720 1959 986 2017 mandavit3
1035 1960 1167 2021 quod
1196 1963 1384 2023 patrem
1409 1964 1496 2009 bo-

162 2042 235 2086 nis
283 2049 427 2100 atque
472 2038 653 2083 honore
694 2040 940 2100 spoliasset
954 2059 965 2096 3
1013 2039 1242 2101 quodque
1291 2043 1497 2089 eundem

163 2129 332 2167 eontra
374 2128 574 2166 naturae
611 2121 737 2181 leges
776 2122 1014 2166 sexennali
1061 2122 1111 2166 in
1147 2138 1339 2167 carcere
1385 2139 1497 2184 cap-

162 2189 312 2246 tivum
345 2199 595 2252 tenuisset,
647 2199 935 2245 defendente
971 2216 1043 2252 se,
1087 2209 1143 2246 ut
1180 2202 1362 2261 potuit,
1404 2219 1493 2263 per

160 2269 525 2342 procuratorem
576 2279 793 2324 similiter
840 2270 1078 2340 Adolpho.
1144 2279 1321 2326 Causae
1358 2281 1495 2341 judi-

165 2376 265 2411 ces,
311 2349 396 2420 qui
437 2359 687 2410 sedebant,
739 2368 847 2420 post
894 2359 1090 2420 aliquod
1142 2362 1366 2421 temporis
1418 2362 1495 2405 in-

166 2439 439 2489 tervallum,
482 2438 726 2481 unamines
762 2439 1157 2498 pronuntiarunt:
1202 2456 1327 2492 eam,
1368 2457 1492 2501 quae

164 2526 284 2561 esset
333 2518 455 2562 inter
499 2518 720 2563 Carolum
759 2527 806 2563 et
850 2519 1119 2565 Arnoldum
1169 2521 1310 2565 Ducis
1358 2522 1495 2567 habi-

167 2605 240 2647 ta,
294 2596 351 2640 de
401 2599 591 2643 (joh-iae
646 2600 832 2643 Ducam
887 2609 933 2643 et
987 2600 1220 2647 Comitatu
1282 2603 1489 2662 Zutpha-
