1811 3358
847 279 932 326 101

228 412 434 471 legatos,
483 411 637 471 iisque
688 425 777 471 pro
841 417 977 470 parte
1029 407 1352 466 satisfecissct3
1405 409 1551 455 interr,

227 492 474 537 cedentem
518 507 714 550 quoque
745 489 921 534 ibidem
962 504 1051 549 pro
1086 488 1342 535 Guiliclmo
1376 487 1555 533 Cliviao

226 570 514 630 Gelriaeque
564 570 721 621 Duce,
769 568 1042 613 praesulem
1077 565 1552 617 Coloniensem‚Du-

223 651 388 711 cisque
437 648 662 695 Saxoniae
718 648 926 708 legatum
974 647 1170 692 audivit.
1237 646 1418 693 Verum
1460 645 1553 690 alio

224 729 449 774 festinans
496 729 665 774 Caesar
713 728 763 772 id
810 733 993 772 tantum
1028 727 1085 771 iis
1134 726 1404 787 respondit,
1440 725 1548 770 nul-

219 808 288 852 las
345 824 393 853 se
448 808 577 869 pacis
630 807 926 851 conditiones
977 806 1316 857 admissurum,
1367 805 1460 850 nisi
1501 806 1552 850 in

217 894 507 946 perpetuum
549 887 741 934 Gelriae
782 888 970 932 Ducatu
1020 902 1075 932 ac
1123 885 1421 947 Zutphaniae
1464 885 1553 932 Co-

219 966 391 1011 mitatu
442 965 724 1013 Guilielmus
777 967 984 1012 cederet.

282 1046 553 1106 Imperator
605 1045 856 1091 celebratis
908 1046 1074 1106 Spirae
1125 1045 1374 1090 Nemetum
1424 1044 1550 1092 Ger—

217 1126 400 1170 maniae
452 1125 726 1187 principum
766 1124 1001 1178 Comitiis,
1046 1123 1269 1169 ordinum
1316 1124 1549 1185 praesidi·-

214 1204 303 1250 bus
353 1205 620 1256 mandavit,
649 1213 729 1255 ‚ut
776 1205 949 1250 milites
1002 1206 1052 1249 in
1100 1203 1356 1251 Germania
1406 1219 1549 1249 cons-

214 1283 469 1328 criberent.
547 1282 718 1326 Postea
754 1282 892 1340 juxta
943 1281 1166 1328 Rhenum
1228 1282 1546 1335 descendens,

210 1377 319 1406 cum
373 1361 586 1407 exercitu
634 1359 797 1408 34000
830 1362 1077 1423 peditum,
1110 1369 1159 1406 et
1208 1360 1337 1409 8600
1395 1361 1547 1423 Equi-

209 1448 311 1486 tum
370 1441 549 1486 Duram
589 1441 750 1493 venit,
786 1456 911 1501 quae
961 1440 1076 1486 urbs
1125 1440 1202 1486 die
1248 1440 1328 1494 24,
1368 1443 1542 1487 mensis

211 1522 448 1582 Augusti,
481 1528 620 1582 capta
662 1528 745 1566 est.
819 1521 998 1566 Dicunt
1032 1535 1228 1580 quoque
1276 1520 1541 1566 trucidatos

211 1601 437 1661 ferroque
489 1602 696 1646 sublatos
740 1600 800 1644 ad
846 1616 994 1643 unum
1041 1599 1141 1643 fere
1189 1615 1350 1644 omnes
1397 1600 1540 1645 fuisse

207 1680 312 1739 ejus
343 1682 549 1734 incolas,
586 1698 641 1727 ac
669 1680 858 1726 tandem
895 1686 1150 1740 postquam
1178 1679 1278 1738 jam
1296 1680 1541 1741 direptum

207 1768 331 1805 esset
373 1761 633 1822 oppidum,
681 1761 788 1821 igne
836 1776 1052 1820 quoque,
1112 1760 1191 1804 vel
1240 1759 1418 1820 injecto
1463 1762 1540 1808 vel

206 1839 428 1892 fortuito,
482 1842 819 1902 conflagrassc;
879 1840 998 1885 adeo
1046 1847 1100 1884 ut
1148 1840 1377 1899 templum
1428 1857 1538 1887 cum

205 1919 331 1964 turri
367 1922 549 1965 excelsa
584 1921 776 1982 penitus
812 1927 1028 1965 exustum
1062 1918 1402 1979 foedatumque
1435 1919 1540 1966 fue-

204 2000 269 2045 rit
315 2000 394 2062 (1).
459 1999 645 2045 Deinde
688 2015 813 2059 quae
858 2005 996 2043 erant
1039 1997 1255 2057 reliquae
1301 2006 1399 2043 tam
1441 1999 1537 2045 Cli-

205 2082 310 2126 viae
345 2096 490 2141 quam
526 2079 720 2127 Gelriae
756 2079 998 2130 civitates,
1033 2077 1320 2123 adventante
1365 2078 1535 2124 exinde

202 2159 412 2205 Caesaris
446 2159 657 2205 exercitu
699 2158 820 2202 nihil
863 2164 1076 2201 moratae
1119 2164 1288 2217 portus
1331 2174 1536 2218 aperue-

204 2247 332 2285 runt.
401 2237 682 2286 Guilielmus
728 2245 800 2282 tot
835 2237 1044 2282 adversis
1078 2237 1346 2298 perculsus,
1386 2238 1534 2300 inque

200 2319 299 2364 sola
341 2319 552 2365 Caesaris
598 2319 892 2380 benignitate
941 2318 1104 2363 salutis
1139 2334 1193 2362 ac
1232 2317 1533 2364 fortunarum

203 2415 393 2444 suarum
424 2415 557 2461 spem
592 2396 915 2452 collocandam
949 2396 1229 2449 arbitratus,
1264 2396 1392 2457 apud
1418 2397 1533 2443 Cac-

267 2569 336 2613 (1)
364 2569 472 2605 Plura
504 2570 548 2605 de
582 2569 652 2605 hac
687 2568 884 2606 obsidione
920 2568 1021 2617 apud
1051 2569 1260 2603 Pontanum
1296 2567 1384 2608 Lib.
1416 2569 1509 2607 XII.

218 2647 304 2681 pag.
333 2638 406 2669 850
439 2643 474 2670 et
507 2639 594 2673 831.
