1811 3358
851 206 910 253 75

209 335 584 397 Hierosolymas;
634 334 715 380 sed
766 352 914 398 quum
967 340 1070 381 c'rat
1130 335 1531 382 Venetiaeanno

212 413 354 468 1451,
391 424 607 460 mortuus
642 423 713 460 est
746 424 883 476 pater
920 415 1023 475 ejus
1053 414 1297 461 Johannus
1333 415 1535 475 Egmon-

206 494 369 540 danus.
436 495 594 539 Mense
641 494 789 554 igitur
839 494 1088 539 Februarii
1134 494 1245 539 anni
1293 494 1537 553 sequentis

207 592 423 622 reversus
466 582 550 620 est.

271 654 414 700 Anno
468 651 590 700 1457
651 652 993 712 Neomagenses
1052 650 1190 696 valde
1255 659 1539 695 accusarunt

206 733 413 782 Ducem,
464 732 514 776 in
564 730 794 791 epistola,
840 731 890 773 in
933 746 1030 790 qua
1065 731 1210 774 etiam
1257 730 1534 780 dicebatur,

206 812 311 856 Dux
343 810 584 856 Arnoldus
617 809 779 852 multis
818 809 996 860 modis,
1037 825 1257 854 onerasse
1289 817 1338 853 et
1370 809 1538 869 oppig-

206 908 398 936 norasse
458 906 618 941 arces,
671 889 865 933 ditionis
912 889 1113 941 reditus,
1163 906 1217 934 ac
1269 890 1444 933 telonia
1492 896 1540 932 et

205 970 298 1015 hoc
334 978 499 1016 contra
534 969 765 1030 promissa
799 976 1066 1029 pactaque,
1105 976 1204 1012 tum
1238 968 1286 1012 in
1328 968 1540 1013 comitiis

205 1068 348 1112 saepe
383 1065 582 1093 numero
610 1064 754 1108 quam
789 1049 839 1093 in
874 1048 1416 1109 inaugurationeipsius
1448 1046 1545 1091 sac-

212 1137 284 1185 ta3
321 1139 370 1175 et
398 1131 546 1176 multa
596 1132 738 1192 plura
780 1147 905 1191 quae
954 1131 1101 1176 tradit
1151 1132 1394 1176 Fontanus
1440 1145 1545 1190 pag.

201 1209 327 1260 510,
364 1209 453 1254 511
487 1217 536 1254 et
572 1209 690 1265 5123
743 1210 804 1254 ad
854 1225 1000 1269 quam
1042 1210 1291 1270 epistolam
1344 1223 1544 1268 respon—

201 1303 314 1336 .sum
349 1287 457 1333 vide
497 1288 627 1350 apud
657 1288 862 1334 eundem
890 1305 994 1350 pag.
1029 1289 1122 1334 512
1160 1304 1314 1349 usque
1345 1287 1406 1333 ad
1437 1286 1545 1333 514.

274 1368 416 1412 Anno
467 1366 591 1415 1463
638 1369 915 1429 Adolphus,
975 1368 1100 1412 filius
1149 1369 1293 1414 Ducis
1346 1367 1540 1415 Gelriae

212 1447 591 1499 matrimonium,
640 1463 746 1491 cum
777 1446 1032 1492 Catharina
1071 1447 1169 1492 filia
1204 1448 1360 1493 Caroli
1391 1449 1544 1492 Bour-

213 1526 369 1577 homi,
430 1526 566 1578 iniit,
620 1528 723 1571 sine
772 1542 1005 1571 consensu
1058 1527 1236 1587 patris,
1287 1544 1396 1573 nam
1441 1527 1543 1586 jam

208 1613 320 1651 ante
348 1606 602 1651 nonnullos
645 1622 792 1651 annos
827 1605 1093 1651 discordiae
1136 1614 1269 1652 ortae
1305 1614 1442 1651 erant
1473 1608 1544 1656 in,-

212 1693 289 1730 ter
336 1693 523 1745 patrem
570 1693 619 1730 et
660 1685 840 1737 filium,
893 1685 1068 1745 quihus
1125 1686 1357 1747 originem
1407 1701 1546 1747 prae.-

197 1764 317 1809 -bnit
366 1765 583 1825 inprimis
623 1772 777 1810 mater
825 1765 1093 1810 Catharina.

277 1847 419 1890 Anno
474 1842 599 1890 1464
641 1845 895 1890 Catharina
930 1852 1082 1889 mater
1130 1843 1359 1904 filiusque
1391 1844 1543 1892 Adolr

212 1923 358 1984 phus,
406 1923 486 1966 illa
533 1923 583 1967 in
629 1924 877 1974 maritum,
930 1923 1008 1968 hie
1051 1924 1101 1967 in
1144 1931 1331 1983 patrem
1378 1927 1545 1986 propi*

212 2020 267 2048 us
325 2003 620 2064 propiusque
669 2004 991 2064 insurgentes,
1038 2003 1124 2047 diu
1173 2005 1340 2048 animis
1384 2007 1543 2049 oecul-

214 2090 365 2126 tatum
409 2083 560 2126 scelus
596 2083 645 2126 in
693 2091 914 2142 apertum
956 2082 1309 2142 produxerunt3
1361 2085 1543 2145 quippe

213 2161 467 2206 Catharina
510 2177 617 2206 eum
659 2162 845 2222 saepius
890 2161 1000 2206 odia
1044 2162 1094 2206 in
1137 2163 1361 2208 maritum
1408 2181 1544 2209 exer-

213 2240 410 2290 cuisset,
462 2255 614 2301 eaque
658 2240 761 2300 jam
800 2241 958 2285 denuo
1005 2256 1126 2300 erga·
1167 2257 1277 2287 eum
1323 2245 1542 2288 ostendo-

214 2327 308 2371 ret,
362 2327 521 2364 tamen
567 2327 622 2363 ut
663 2335 691 2363 a
726 2318 930 2363 foemina
972 2326 1022 2363 et
1061 2319 1262 2380 conjuge
1302 2323 1542 2381 profecta,

205 2401 293 2446 -vel
327 2416 427 2444 esse
455 2398 811 2449 dissimulanda,
846 2399 923 2442 vel
953 2399 1117 2443 solitae
1158 2401 1410 2445 mulierum
1435 2420 1546 2463 pro-

218 2480 405 2524 cacitati
453 2478 792 2525 adscribenda.
846 2477 1087 2521 Arnoliius
1138 2477 1370 2522 censebat.
1439 2482 1544 2541 Quo

222 2558 382 2616 itaque
414 2566 652 2603 everteret
688 2558 928 2606 maritum,
985 2572 1036 2599 ac
1063 2556 1121 2598 ..32
1166 2560 1390 2604 contiuuo
1441 2580 1544 2606 sue-
