1811 3358
801 248 862 292 93

188 391 300 420 vcra
350 376 582 421 sententia
644 391 731 420 nec
796 377 1063 437 Imperator
1127 393 1214 422 nec
1267 379 1504 425 Hectores

190 453 376 498 cfficcrc
407 461 693 514 potuerunt,
743 470 839 513 quo
882 456 1035 500 minus
1073 455 1265 500 Carolus
1314 458 1504 506 Gelriae

187 531 292 576 Dux
337 531 507 592 passim
554 547 580 575 a
624 531 717 575 suis
754 533 1079 593 appellaretur
1122 551 1175 578 ac
1213 536 1507 596 principatus

189 613 526 671 possessionem
574 611 633 656 ad
678 613 803 656 vitae
855 628 1006 672 usque
1058 613 1200 657 finem
1253 616 1505 662 retineret:

188 692 306 751 quin
363 690 524 737 Gclria
572 691 720 735 omnis
779 708 834 735 ac
887 692 1259 751 Zutphanienses
1309 696 1506 740 nimium

192 778 422 830 quantum
472 786 526 814 ea
578 770 895 814 declaratione
948 771 1242 826 exacerbati,
1303 775 1505 820 validius

187 851 460 908 arctiusque
496 851 621 893 inter
656 867 703 894 sc
749 850 913 895 foedus
958 852 1224 906 iniverunt,
1272 854 1330 899 de
1366 856 1507 900 Caro-

187 930 233 973 lo
296 928 515 990 principe
573 928 780 982 tuendo,
845 931 986 991 eique
1062 933 1212 978 modis
1263 935 1505 987 omnibus,

187 1025 271 1052 suo
314 1009 364 1053 in
406 1009 640 1054 Ducatum
691 1026 744 1054 ac
796 1010 1105 1063 comitatum,
1150 1012 1263 1071 jure
1314 1029 1506 1059 conser-

187 1087 354 1132 vando.

250 1167 377 1211 Hinc
410 1183 507 1211 non
554 1167 694 1212 modo
730 1168 988 1214 cohibuere
1033 1186 1137 1215 suas
1168 1172 1354 1232 ingredi
1394 1189 1507 1233 pro-

184 1246 380 1297 vincias,
430 1246 638 1291 Caesaris
672 1247 873 1299 milites,
921 1263 1088 1292 verum
1126 1258 1173 1294 et
1206 1251 1507 1310 praesidiarii

184 1322 288 1381 ejus
346 1338 529 1375 omnes,
594 1324 779 1385 pedites
835 1325 1118 1386 equitesque
1181 1327 1287 1374 loeo
1350 1330 1506 1375 ubivis

184 1403 302 1446 moti
347 1404 584 1463 pulsique.
662 1403 730 1448 At
784 1413 949 1450 contra
1011 1408 1280 1468 Imperator
1338 1425 1506 1470 magno

186 1490 349 1527 coacto
401 1484 643 1536 exercitu,
690 1483 897 1543 primum
948 1485 1178 1546 impetum
1233 1489 1306 1533 ira
1350 1498 1506 1534 motus

184 1562 298 1607 fecit
328 1563 378 1606 in
411 1561 850 1614 Ruremundenses,
885 1579 1004 1622 quos
1039 1574 1291 1625 postquam
1329 1569 1388 1613 ad
1421 1570 1504 1614 de-

182 1640 412 1686 ditionem
446 1640 697 1700 coegisset3
716 1648 844 1685 mota
871 1643 1096 1688 continuo
1128 1644 1352 1691 adversus
1381 1649 1503 1693 Neo-

181 1737 421 1781 magenses
468 1728 632 1764 castra.
700 1720 793 1764 Sed
835 1720 886 1764 hi
934 1721 1124 1767 fortiter
1171 1726 1339 1771 urbem
1372 1744 1502 1773 suam

182 1800 491 1846 defendentes
525 1799 793 1859 principem
835 1800 1017 1847 solvere
1066 1804 1358 1852 ohsidionem
1395 1824 1503 1854 coe-

182 1887 365 1939 gerunt.

241 1957 383 2004 Anno
429 1957 551 2003 1496
599 1967 786 2004 mortua
834 1969 905 2005 est
947 1962 1200 2009 Catharina
1234 1981 1261 2010 a
1301 1965 1496 2021 Gelder,

178 2054 310 2083 soror
360 2037 600 2097 Adolphi‚
653 2053 775 2096 quae
812 2038 1036 2086 defuncto
1084 2042 1308 2103 Adolpho
1357 2045 1498 2089 ditio-

178 2132 260 2161 nes
308 2115 518 2162 Gelricas
566 2131 663 2160 non
718 2117 817 2161 sine
863 2118 1032 2171 laude,
1090 2122 1374 2181 prudentia,
1444 2143 1496 2170 ac

178 2195 501 2240 moderatione
550 2210 694 2238 annos
743 2195 905 2255 plures
952 2199 1375 2250 administraverat.

241 2276 328 2320 Die
375 2274 431 2319 21
479 2275 753 2321 Decembris
801 2278 911 2322 anni
961 2277 1080 2328 1497
1130 2291 1323 2342 pactum
1367 2286 1494 2345 pacis

176 2355 353 2400 factum
412 2363 483 2399 est
545 2355 671 2399 inter
722 2355 902 2401 Ducem
947 2358 1169 2406 Austriae
1220 2365 1495 2425 Philippum

177 2435 435 2480 Pulchrum
460 2444 508 2481 et
526 2435 715 2482 Gclriae
733 2437 911 2483 Ducem
930 2474 939 2491 ‚
959 2441 1009 2485 in
1035 2458 1130 2501 quo
1165 2442 1494 2490 declarabatur

179 2513 369 2560 Carolus
406 2516 734 2577 Egmondanus
769 2533 958 2564 manere
1002 2522 1051 2564 in
1084 2529 1369 2582 potestatem
1419 2540 1493 2568 re·-
