1811 3358
817 291 878 335 65

183 423 299 472 ties,
346 421 428 466 scd
479 421 677 472 frustra,
737 428 1053 480 oppugnatam
1105 430 1232 465 arcte
1289 424 1503 468 obsidere

181 502 410 553 instituit,
462 501 707 546 aedificato
757 502 805 545 in
838 500 1031 545 flumine
1068 500 1195 544 Mosa
1224 517 1374 561 prope
1410 505 1503 549 Ra-

179 582 497 626 vensteinium
539 589 713 641 ponte,
760 596 819 624 ne
852 579 910 624 ab
951 596 1005 624 ea
1038 588 1174 641 parte
1214 580 1375 639 juvari
1422 598 1499 625 co-

177 670 337 706 meatu
370 670 451 706 aut
500 662 600 706 aliis
637 661 807 704 instrui
849 661 983 705 novis
1024 661 1243 705 subsidiis
1276 660 1501 721 oppidani

176 748 379 801 possent.
448 741 540 785 Sed
588 756 732 800 opere
776 740 986 783 nondum
1036 740 1275 800 perfecto,
1320 740 1500 799 praesi-

175 821 315 865 diarii
375 818 618 866 Guilielmi
657 819 827 870 Ducis,
883 818 1083 863 obscura
1130 827 1269 863 nocte
1319 818 1494 879 oppido

174 899 349 960 egressi
385 914 502 958 opus
535 897 642 957 igne
694 906 1018 957 corrumpunt.
1082 896 1256 942 Contra
1290 897 1500 942 Braban-

175 978 243 1022 tia
277 978 623 1023 Ravensteinae
672 977 919 1037 praefecto
959 976 1088 1021 haud
1124 976 1294 1037 procul
1325 975 1500 1023 Gravia

175 1056 235 1100 ad
263 1057 437 1101 Mosam
469 1064 665 1115 agente,
692 1064 860 1115 petant
889 1063 967 1108 ut,
1002 1056 1233 1101 traductis
1267 1072 1355 1116 per
1390 1072 1499 1101 eum

173 1135 259 1194 qui
302 1133 367 1178 ibi
405 1141 507 1178 erat
559 1144 753 1194 pontem
788 1136 961 1180 Decem
1006 1136 1353 1181 Brabantorum
1395 1136 1501 1180 mil-

173 1213 296 1259 libus
333 1211 555 1258 Graviam
607 1214 671 1257 cis
715 1229 768 1257 ac
817 1223 944 1258 trans
979 1215 1154 1258 Mosam
1188 1231 1406 1274 premere
1436 1215 1502 1258 li-

172 1299 288 1335 ceat.
325 1291 419 1351 Qui
453 1290 565 1334 dum
602 1307 653 1335 re
688 1292 969 1352 impetrata,
1009 1301 1269 1337 castrorum
1317 1293 1497 1353 vigilias

170 1377 300 1413 trans
326 1369 501 1414 Mosam
537 1370 747 1414 securius
801 1369 1007 1427 obeunt3
1062 1372 1166 1415 Dux
1214 1370 1496 1418 Guiliclmus

173 1463 283 1493 cum
317 1448 538 1507 equitatu
573 1449 794 1493 celeriter
839 1450 1151 1502 subveniens,
1196 1459 1495 1510 armatosque

171 1534 220 1571 et
271 1527 473 1570 inermes
521 1527 774 1579 invadens,
811 1530 975 1573 occisis
1011 1546 1064 1574 ac
1112 1531 1160 1574 in
1205 1530 1334 1574 Mosa
1383 1529 1494 1574 sub-

166 1602 331 1649 mersis
379 1605 571 1650 circiter
632 1603 782 1655 4000,
817 1615 1021 1650 Δορῑοϊοε
1075 1609 1122 1650 in
1186 1608 1342 1668 fugam
1384 1609 1491 1669 egit.

168 1684 450 1732 Guilielmus
483 1684 770 1744 Neomagum
806 1701 1023 1731 reversus
1072 1686 1368 1747 captivorum
1388 1702 1499 1747 spo-

167 1766 232 1809 lia
268 1765 404 1808 divae
443 1764 630 1823 Virgini
672 1764 934 1823 dedicavit3
973 1774 1078 1810 acta
1124 1767 1243 1812 haec
1276 1765 1492 1825 Augusto

167 1859 326 1888 mense
357 1844 467 1888 anni
499 1842 633 1889 1388.
701 1844 824 1889 Hinc
859 1861 964 1889 cum
994 1846 1140 1905 copiis
1176 1846 1269 1890 suis
1303 1844 1493 1889 domum

167 1938 381 1982 regresso
430 1923 588 1974 Duce,
620 1939 771 1967 novus
823 1924 950 1984 apud
985 1924 1245 1970 Brahantos
1290 1925 1496 1970 militum

167 2002 379 2047 delectus
422 2001 637 2053 habitus,
688 2003 1044 2063 conscriptique
1093 2004 1308 2063 equitum
1362 2004 1492 2048 mille

166 2081 383 2132 ducenti,
448 2080 804 2141 sagittariorum
871 2097 985 2127 vero
1042 2091 1249 2141 quatuor
1325 2083 1488 2127 millia.

165 2159 467 2220 Burgundiae
515 2160 619 2204 Dux
671 2159 922 2221 Philippus
974 2160 1170 2214 Audax,
1226 2177 1332 2207 cum
1383 2178 1496 2223 rege

168 2239 458 2283 Francorum
491 2239 659 2284 Carolo
707 2241 889 2301 Nepote
931 2258 1044 2295 suo,
1108 2241 1271 2288 habita
1311 2241 1371 2286 de
1419 2242 1492 2287 rei

172 2334 350 2363 summa
414 2318 779 2371 deliberatione,
834 2320 976 2365 etiam
1010 2321 1166 2382 ipsum
1228 2337 1385 2381 regem
1431 2336 1488 2365 eo

165 2399 403 2458 permovit
435 2406 490 2441 ut
521 2397 757 2445 Gelricam
794 2399 1142 2460 expeditionem
1188 2416 1282 2444 una
1334 2414 1492 2443 secum

166 2491 386 2536 praesens
428 2478 715 2538 susciperet3
751 2493 839 2523 nec
882 2494 1036 2531 mora,
1067 2494 1174 2522 nam
1221 2478 1488 2539 conscripta

169 2557 401 2615 extemplo
453 2565 741 2602 armatorum
788 2557 1100 2617 quadraginta
1152 2557 1310 2602 millia.
1365 2555 1487 2603 Gui-

171 2633 352 2679 liclmus
415 2634 689 2680 Juliaccnsis
739 2636 897 2682 videns
958 2637 1251 2698 periculum,
1297 2644 1487 2700 pactum

1110 2714 1141 2759 9
