1811 3358
832 268 919 312 125

273 414 528 459 Nonnullis
558 429 710 475 porro
761 416 1051 472 interjectis:

271 562 362 606 »Et
424 558 706 620 praesertim
763 558 800 602 si
855 557 968 617 jura
1017 557 1266 616 praedicta
1316 576 1401 620 per
1450 578 1534 607 nos

207 657 334 686 cessa
381 647 428 684 ct
491 643 812 696 transportata
872 637 1149 695 praevalere
1205 639 1531 699 reperirentur

204 721 368 770 dictae
421 733 624 763 summae
680 716 841 762 80000
887 716 1201 768 florenorum,
1254 735 1339 764 nos
1397 736 1533 766 omne

203 799 322 843 illud
371 798 498 858 plus,
553 797 648 840 sive
702 796 760 838 sit
822 810 1067 853 magnum,
1120 796 1383 851 mediocre,
1434 801 1532 846 sive

202 892 422 938 parvum,
454 874 672 936 praefato
699 872 889 916 domino
914 881 983 918 est
1003 878 1351 937 consanguineo
1369 888 1533 925 nostro

199 957 311 1001 duci
354 954 657 1015 Burgundiae
699 969 788 1014 pro
833 969 881 997 se
914 953 1105 1013 suisque
1154 958 1441 1017 praedictis,
1476 968 1531 1005 ut

199 1036 356 1088 nobis,
392 1036 663 1094 nostrisque
706 1033 991 1079 haeredibus
1028 1038 1375 1084 successoribus
1409 1042 1529 1084 reci-

198 1132 369 1177 procos
406 1115 590 1160 favores
643 1122 691 1159 et
725 1114 953 1160 amicitias
994 1116 1176 1162 sincere
1230 1134 1415 1180 semper
1451 1137 1528 1165 ex-

197 1195 416 1246 hibeant,
466 1194 741 1238 donavimus
785 1202 834 1238 et
872 1193 1098 1239 donamus
1146 1197 1526 1244 irrevocabiliter

195 1292 283 1336 per
324 1282 610 1336 praesentes.
677 1275 738 1317 In
776 1289 982 1333 quorum
1022 1274 1166 1318 etiam
1219 1277 1427 1321 omnium
1475 1286 1525 1324 et

195 1355 487 1415 singulorum
547 1355 912 1415 praemissorum
967 1355 1196 1414 majorem
1250 1355 1525 1403 firmitatem

200 1441 250 1478 et
284 1433 747 1485 corroborationem,
782 1434 1228 1494 praedilectissimos
1261 1435 1382 1481 filios
1411 1453 1530 1482 nos-

196 1521 294 1558 tros
330 1513 638 1560 Guilielmum
672 1523 720 1559 et
754 1514 1031 1575 Adolphum
1077 1523 1276 1576 paterne
1320 1517 1523 1575 requisi-

195 1596 373 1645 vimus,
412 1603 466 1639 ut
512 1602 805 1654 praetactam
849 1595 1109 1638 cessionem
1144 1603 1191 1639 et
1228 1602 1522 1655 transporta-

195 1674 370 1718 tionem
400 1673 524 1732 juris
566 1671 796 1732 praefati,
832 1687 919 1731 per
962 1688 1128 1716 eorum
1159 1674 1310 1733 sigilla
1345 1691 1519 1736 appro-

192 1753 306 1797 bare
338 1761 386 1797 ct
421 1750 656 1796 ratificarc
693 1751 887 1795 velint.’'
922 1750 1048 1796 Cact.

224 1911 320 1955 111.
362 1909 668 1970 Confirmatio
704 1912 932 1954 cessionis.
1000 1907 1149 1954 Ducis
1178 1908 1391 1956 Gerardi·
1425 1928 1525 1956 cum

349 1993 633 2035 investitura
689 1988 854 2035 Caroli
902 1988 1220 2050 (Excerptum
1239 1991 1268 2052 ).
1298 2018 1302 2020 ἡ

252 2149 531 2195 Fredericus
574 2150 745 2194 Divina
777 2148 964 2194 favente
993 2148 1252 2193 Clementia
1284 2149 1521 2195 Romano-

190 2246 295 2274 rum
359 2231 627 2290 Imperator
678 2244 863 2290 semper
931 2227 1197 2289 Augustus,
1247 2228 1518 2290 Hungariae

188 2318 304 2355 caet.
337 2327 430 2355 rex.
476 2306 769 2369 (Postquam
802 2324 988 2354 eausam
1024 2307 1252 2367 expressit
1283 2307 1344 2352 ob
1375 2325 1520 2368 quam

188 2387 353 2434 Gelria
388 2389 528 2434 cessit
573 2389 700 2435 Duci
745 2389 919 2439 Juliae,
962 2387 1162 2448 pergit).

251 2469 428 2513 Verum
478 2486 585 2514 cum
635 2468 851 2515 Gerardo
888 2468 999 2512 duci
1034 2465 1249 2527 praefato
1285 2481 1372 2510 nec
1406 2483 1516 2512 con-

190 2564 304 2608 grua
356 2549 538 2593 occasio
582 2548 923 2609 possessionem
976 2543 1278 2590 nanciscendi
1325 2545 1515 2591 videre—

190 2636 294 2677 tur,
329 2642 463 2671 omne
506 2627 584 2686 jus
630 2642 765 2671 suum
810 2625 899 2671 sibi
942 2626 999 2670 ad
1048 2623 1272 2668 ducatum
1322 2622 1512 2670 Gch·iae
