1811 3358
859 217 921 262 83

213 360 263 389 re
314 343 414 388 illas
458 346 672 406 regiones
723 344 926 390 debebat
971 345 1123 391 videri
1170 351 1367 405 possunt
1414 349 1540 408 apud

209 423 560 469 Slichtenhorst
595 426 672 487 (1).

270 503 375 548 Hoc
413 511 627 564 tempore
677 502 842 547 foedus
881 503 1007 548 inter
1060 519 1108 548 se
1156 503 1368 549 inierunt
1416 505 1537 549 Neo-

205 585 354 645 magi,
407 582 598 630 Geli-iae
660 584 875 629 civitates
939 593 1035 629 tres
1108 583 1363 645 primariae
1416 584 1536 628 Neo-

204 678 414 723 magum,
491 663 758 723 Zutphania
810 670 858 707 et
927 661 1248 714 Arnhemum‚
1321 660 1534 721 ordoque

196 740 446 803 Equestris
481 742 740 787 earundem
783 741 1176 797 tetrarchiarum3
1219 758 1317 802 quo
1363 741 1533 786 unani-

200 836 299 875 mes
333 837 386 866 ac
434 821 605 882 singuli
638 821 962 881 promiserunt
993 837 1039 865 se
1072 821 1122 864 in
1157 836 1342 866 omnem
1389 837 1532 866 even-

200 907 302 944 tum
335 901 508 944 auxilio
545 900 633 944 sibi
673 900 877 944 invicem
931 899 1178 945 adfuturos
1229 901 1388 961 siquid
1436 902 1536 946 cui-

198 996 343 1043 quam
381 983 667 1027 incommodi
711 982 965 1028 accideret.

263 1062 433 1107 Postea
482 1064 646 1107 literas
698 1062 889 1122 scripsit
949 1060 1192 1107 Arnoldus
1240 1059 1300 1105 ad
1340 1059 1531 1105 Arnhc·

198 1142 424 1194 mienses,
473 1158 554 1187 eos
601 1141 907 1193 adhortatus,
960 1149 1015 1186 ut
1045 1141 1307 1202 legitimum
1342 1156 1397 1184 ac
1448 1156 1530 1185 ve*

195 1237 302 1266 rum
337 1237 473 1266 suum
503 1220 747 1265 dominum
790 1221 1087 1280 reciperent,
1134 1219 1302 1263 relicto
1350 1219 1496 1278 impio

197 1298 327 1352 filio,
369 1299 457 1361 qui
503 1300 880 1351 incarceratum,
917 1315 964 1344 se
1000 1297 1060 1344 ad
1099 1298 1265 1358 iniqua
1298 1297 1533 1357 pollicen-

196 1380 257 1425 da
290 1397 530 1440 manuque
582 1396 665 1424 sua
704 1379 1045 1424 subscribenda
1109 1377 1366 1438 coegisset,
1401 1395 1526 1439 quae

189 1460 291 1518 jam
340 1460 550 1505 liberae
592 1460 666 1504 sui
695 1459 822 1519 juris
854 1475 1080 1505 revocare
1126 1474 1174 1503 se
1217 1466 1389 1502 cuncta
1430 1467 1527 1503 tes-

191 1539 396 1585 tabatur.
462 1538 541 1584 Ad
594 1540 970 1600 Zutphanienses
1022 1554 1220 1599 quoque
1265 1539 1528 1584 vernacule·

187 1618 390 1679 scriptos
440 1618 692 1664 Codicillos
728 1621 857 1665 misit
899 1620 978 1681 (2).
1518 1636 1521 1639 ·

199 1737 201 1740 .
251 1698 394 1743 Anno
430 1700 652 1758 sequenti
687 1695 838 1753 1472',
876 1698 1096 1746 Pontifex
1139 1697 1294 1743 Sixtus
1322 1697 1396 1744 IV
1423 1712 1529 1741 mo-

183 1777 290 1821 nuit
323 1777 666 1838 Neomagenses
709 1778 798 1823 sub
851 1776 1350 1823 excommunicationis
1399 1792 1520 1836 poe-

182 1873 272 1908 na,
309 1864 363 1901 ut
395 1873 545 1917 quum
580 1858 682 1918 ipse
731 1858 888 1903 omnia
926 1858 1008 1902 illa
1034 1855 1268 1917 promissa
1300 1869 1353 1898 ac
1379 1853 1522 1913 jure-⁶

174 1934 384 1994 juranda
431 1952 555 1996 quae
592 1943 807 1998 tempore
851 1937 1126 1998 illegitimae
1176 1934 1514 1978 incarceratio-

180 2015 253 2060 nis
287 2032 398 2060 suae
433 2015 677 2061 Arnoldus
714 2015 903 2062 fecisset
931 2015 1185 2076 Adolpho‚
1219 2011 1514 2057 rescinderet

180 2094 447 2155 ducemque
492 2094 551 2139 ab
597 2095 654 2139 iis
706 2096 940 2146 solveret,
987 2089 1095 2139 eum
1148 2092 1421 2152 reciperent
1463 2081 1512 2134 et

171 2174 396 2234 jurarent
443 2175 618 2220 iterum
662 2191 710 2220 se
754 2174 1022 2220 Arnoldum
1064 2188 1319 2235 agnoscere
1358 2172 1510 2216 domi-

175 2271 290 2300 num
325 2270 462 2299 suum
497 2271 550 2300 ac
586 2256 779 2301 Ducem.

239 2335 345 2379 Dux
375 2333 618 2378 Arnoldus
653 2350 802 2394 quum
855 2333 1040 2379 videret
1073 2334 1320 2378 maximam
1355 2333 1520 2392 perti-1

241 2507 308 2551 (1)
337 2505 452 2542 Gelil.
488 2504 631 2541 Gesch.
671 2506 723 2540 IX
754 2506 856 2541 Book
890 2519 963 2554 paug
1005 2508 1088 2539 205.
1126 2509 1156 2549 ᾗ.
1198 2509 1278 2540 ιιζ».

242 2569 304 2613 (2)
335 2571 500 2611 Quarum
533 2569 645 2605 xcrba
681 2569 782 2616 apud
817 2570 1023 2604 romanum
1058 2581 1141 2615 pag.
1176 2570 1263 2605 522.
