1811 3358
810 247 871 292 95

178 382 397 442 ximoque
429 389 478 427 et
513 381 763 426 fortissimo
798 379 1001 424 militum
1035 374 1244 421 exercitu
1278 378 1492 438 Sylvam-

177 463 322 508 Ducis
355 463 561 508 accessit.
613 462 746 508 Unde
781 469 830 505 et
868 459 1080 504 fecialem
1117 458 1215 503 sive
1246 457 1494 501 haraldum

178 543 335 590 statim
379 557 514 587 suum
560 539 705 586 Gelro
756 539 907 590 misit,
960 554 1014 583 ac
1062 537 1347 591 denunciato
1389 537 1495 580 bel-

179 622 255 674 10,
305 622 440 666 illum
480 620 717 665 abstinero
747 619 888 679 jussit
922 618 980 663 ab
1013 609 1094 670 eo}
1140 632 1282 677 quem
1316 616 1491 674 injusto

179 701 321 745 titulo
364 700 652 762 possideret,
701 699 892 746 Geli-iae
931 714 985 743 ae
1033 697 1326 757 Zutphaniae
1365 695 1497 755 prin-

178 780 368 840 cipatu3
415 795 521 827 nam
569 796 615 824 se
652 779 764 838 jure
812 778 1102 822 hereditario
1140 778 1276 820 illum
1317 775 1498 835 princi-

176 868 343 924 patum
389 865 693 903 eonsecutum
724 873 824 902 esse
859 856 918 902 ab
964 871 1052 901 avo
1096 855 1262 901 Carolo
1302 853 1497 899 Audaee

176 947 226 985 et
270 940 414 984 Patre
466 938 779 983 Maximiliano
829 937 907 999 (1).

240 1018 382 1064 Anno
433 1017 557 1063 1505
602 1033 699 1061 non
743 1015 1009 1076 spernendo
1053 1015 1263 1060 exercitu
1292 1015 1344 1060 in
1385 1014 1498 1061 Gel-

177 1097 298 1142 riam
340 1112 388 1140 se
423 1095 638 1140 eontulit.
705 1094 765 1138 Et
797 1094 1093 1139 Arnhemum
1121 1093 1365 1139 obsidione
1398 1094 1499 1138 ein-

178 1176 270 1228 xit,
315 1191 438 1235 quae
481 1174 596 1218 urbs
637 1181 744 1233 post
790 1181 1133 1218 tormentorum
1189 1175 1372 1233 aliquot
1422 1190 1499 1218 ex-

174 1255 438 1316 plosionem
492 1261 636 1312 atque
694 1253 1068 1312 oppugnationes
1117 1253 1315 1297 iteratus
1373 1268 1499 1312 quae

176 1332 367 1378 fortiter
411 1339 632 1391 exceptae
676 1330 979 1390 rejectaeque
1015 1331 1173 1383 suere,
1217 1348 1322 1377 cum
1356 1332 1501 1377 tertia

179 1415 378 1464 instaret
423 1414 657 1475 aggressio
701 1429 800 1458 sese
839 1413 1022 1459 dedisse
1070 1414 1289 1459 traditur.
1355 1412 1503 1457 Dedi-

176 1502 226 1542 ta
276 1509 470 1554 quoque
535 1501 644 1538 sunt
689 1494 917 1538 nonnulla
973 1494 1146 1554 oppida
1194 1494 1246 1537 in
1303 1492 1347 1538 V
1349 1493 1500 1539 elavia

178 1573 231 1618 in
276 1572 451 1632 quibus
487 1572 629 1617 etiam
673 1571 965 1623 Hattemum‚
1014 1573 1065 1616 in
1112 1572 1376 1616 obsessione
1423 1588 1501 1617 ar-

180 1652 246 1697 eis
294 1650 428 1710 cujus
487 1657 651 1710 captus
695 1657 766 1693 est
823 1650 1081 1703 Reinerus‚
1142 1650 1268 1695 filius
1322 1652 1498 1696 nothus

177 1731 322 1776 Ducis
382 1728 573 1775 Gelriae
635 1728 860 1788 Adolphi.
927 1730 1129 1775 Interim
1186 1730 1364 1775 bellum
1410 1732 1501 1777 ite-

182 1825 287 1855 rum
330 1809 574 1868 inceptum
609 1813 679 1851 est
723 1814 772 1850 et
813 1806 919 1851 Dux
967 1807 1160 1852 Carolus
1202 1816 1316 1851 tune
1364 1824 1502 1853 reeu-

181 1888 370 1954 peravit
406 1886 655 1930 nonnullas
691 1885 906 1929 civitates
941 1892 989 1929 et
1022 1900 1144 1929 anno
1182 1884 1331 1938 1514,
1379 1895 1498 1933 stra-

180 1975 410 2028 tagemate
462 1965 765 2026 recuperavit
812 1965 1118 2009 Arnhemum.

242 2048 345 2091 Hoc
394 2045 536 2095 etiam
566 2061 689 2089 anno
740 2044 864 2090 1505
911 2045 1130 2089 induciae
1185 2044 1337 2090 factae
1388 2055 1499 2092 sunt

182 2126 232 2170 in
259 2133 466 2186 quatuor
502 2138 647 2169 annos
678 2125 803 2168 inter
839 2124 1056 2170 Carolum
1090 2125 1269 2170 Dueem
1303 2133 1351 2169 et
1383 2125 1498 2171 Phi-

182 2205 391 2265 lippum3
428 2205 514 2264 qui
545 2219 667 2248 anno
704 2211 931 2262 sequente
963 2205 1142 2265 Burgos
1171 2214 1384 2251 mortuus
1414 2216 1497 2253 est.

246 2284 389 2328 Anno
439 2283 562 2329 1519
605 2291 820 2327 mortuus
863 2290 934 2329 est
980 2284 1248 2344 Imperator
1291 2286 1497 2331 Maximi-

182 2364 334 2413 lianus
376 2371 531 2409 aetate
581 2363 646 2410 60
695 2379 936 2409 annorum.
1001 2364 1179 2410 Eodem
1225 2380 1347 2411 anno
1393 2366 1497 2414 Dux

255 2564 315 2606 (ι)
346 2565 447 2607 Quae
472 2564 667 2613 respondit
687 2563 844 2601 Carolus
866 2564 1133 2615 Egmondanus
1153 2564 1346 2604 videantur
1374 2567 1477 2617 apud

204 2629 410 2668 fontanum
451 2626 534 2667 Lib.
569 2629 635 2663 XI.
670 2641 755 2675 1:213.
793 2630 876 2664 026.
