1811 3358
867 260 961 305 109

244 387 489 448 Adolpho,
528 386 650 435 filiis·
678 390 825 450 ipsius
867 390 1010 435 Ducis
1043 389 1284 444 Gerardi,'
1314 394 1398 454 qui
1434 401 1569 443 erant

245 469 294 512 in
340 469 481 513 sendo
519 471 805 522 successuri,
854 486 951 514 non
996 472 1146 515 solum
1184 472 1233 516 in
1278 474 1374 518 vita
1418 477 1567 535 patris

246 549 570 599 confirmasse,
607 550 688 595 scd
728 551 871 595 ctiam
918 560 1027 612 post
1075 552 1178 611 ejus
1239 551 1421 596 obitum
1468 571 1572 600 eam

245 630 502 673 cessionem
550 638 597 674 ct
631 630 950 676 dimissionem
985 648 1039 677 ac
1087 633 1443 677 translationem
1482 634 1571 677 hu.-

239 709 319 767 jus
368 708 596 768 regioni&
646 725 673 754 a
716 717 917 769 parente
970 709 1114 754 factas
1155 726 1294 771 saepe
1330 710 1568 763 laudasse,

243 788 530 849 approbasse
574 796 623 833 et
675 787 976 832 confirmasse
1019 789 1069 831 in
1101 789 1245 832 certis
1292 790 1572 835 tractatibus

243 883 330 927 per
365 882 474 912 eum
508 868 659 918 initis,
681 874 782 911 tum
814 882 920 910 cum
952 866 1101 911 Maria
1136 867 1440 928 Burgundiac
1474 870 1574 914 Du-

243 947 360 992 cissa
390 963 514 992 anno
562 944 712 997 1478,
745 953 846 990 tum
879 961 986 990 cum
1034 946 1348 992 Maximiliano
1375 948 1574 994 Caesare

241 1034 290 1071 et
325 1026 549 1086 Philippo
580 1024 854 1070 Archiduce
890 1025 1171 1070 Austriacae
1208 1027 1336 1071 illius
1362 1027 1462 1072 filio
1488 1044 1571 1073 an-

242 1121 305 1149 no
335 1103 484 1156 1498,
517 1112 662 1164 atque
689 1119 796 1148 cum
826 1102 993 1148 eodem
1026 1103 1254 1164 Philippo
1285 1120 1409 1149 anno
1432 1105 1568 1166 1504.

242 1185 540 1230 Manifestum
573 1184 717 1244 igitur
765 1189 835 1227 est
866 1198 975 1227 eum
1023 1183 1109 1242 qui
1143 1183 1278 1243 prius
1313 1185 1407 1229 suis
1441 1186 1569 1245 juri—

239 1266 326 1310 bus
373 1263 746 1314 renuntiaverit,
781 1278 878 1307 non
911 1263 1113 1323 amplius
1144 1262 1203 1306 ad
1245 1263 1327 1308 illa
1366 1280 1452 1309 sua
1485 1282 1568 1310 vo-

240 1344 423 1388 luntate
462 1358 599 1403 posse
636 1342 828 1387 reverti.
895 1341 956 1386 Et
1003 1358 1117 1388 vera
1153 1341 1352 1387 feudalis
1405 1346 1568 1405 regula

238 1431 337 1467 est:
374 1422 615 1468 Vasallum
650 1420 844 1466 seudum
874 1437 1049 1466 novum
1068 1456 1078 1473 ,
1116 1423 1443 1485 consentiente
1469 1425 1570 1469 Do-

238 1502 365 1545 mino
398 1502 606 1546 alienare
642 1516 778 1560 posse
815 1500 878 1560 (l)
898 1518 909 1557 3
946 1499 1029 1544 sed
1059 1499 1254 1544 feudum
1289 1502 1565 1562 antiquum,

238 1583 276 1625 si
304 1582 512 1626 alienare
545 1581 685 1629 velit,
721 1595 818 1623 non
849 1579 1068 1623 dominus
1097 1587 1281 1624 tantum
1316 1580 1447 1626 feudi
1482 1583 1564 1627 sed

236 1669 284 1704 et
319 1660 405 1703 filii
440 1659 714 1704 .Vasalli.ct
747 1659 950 1718 proximi
989 1660 1171 1719 agnati,
1201 1661 1286 1719 qui
1327 1662 1377 1705 in
1420 1661 1561 1706 feudo

239 1748 348 1784 sunt
380 1739 644 1782 successuri
681 1739 970 1790 consentiri,
1017 1739 1196 1784 debent
1231 1740 1308 1800 (2).

300 1819 476 1870 Porro,
512 1833 661 1877 quum
701 1815 988 1867 Guilielmusr
1018 1817 1124 1861 Dux
1158 1817 1376 1870 obiisset,
1418 1821 1562 1865 nullis

236 1899 343 1944 filiis
383 1899 585 1949 relictis,
627 1897 709 1942 sed
761 1899 857 1942 sola
892 1897 1034 1942 unica
1085 1897 1184 1942 filia
1219 1898 1365 1943 Maria
1408 1899 1562 1946 Juliae

233 1979 453 2030 Dimissa,
485 1993 610 2038 quae
636 1978 992 2022 matrimonium
1022 1978 1132 2022 iniit
1167 1992 1275 2022 cum
1305 1978 1437 2023 Duce
1465 1979 1563 2025 Cli-

230 2060 364 2110 viae,
408 2074 630 2118 quaeque
667 2075 723 2103 ex
759 2058 910 2103 forma
946 2058 1049 2118 ejus
1093 2073 1237 2117 quam
1279 2061 1559 2105 memoravi-

230 2152 353 2189 mus,
388 2140 699 2183 investiturae
725 2138 846 2181 solos
861 2137 1092 2181 masculos
1108 2136 1423 2190 admittentis,
1455 2155 1560 2184 suc-

229 2219 399 2265 cedere
433 2236 530 2266 non
559 2219 755 2280 potuit,
795 2217 1061 2263 necessario
1095 2216 1378 2263 Guilielmus
1426 2219 1556 2271 Dux,

296 2421 364 2466 (ι)
393 2419 468 2456 vid
507 2405 622 2456 saud.
649 2420 696 2454 ad
720 2420 821 2455 cons
861 2419 978 2456 Feud.
1003 2419 1108 2455 Gelu
1144 2421 1208 2455 Tr.
1234 2423 1251 2455 1
1282 2420 1356 2456 Tit.
1381 2421 1419 2454 11
1439 2420 1535 2467 cap.

246 2485 276 2518 l.
306 2484 378 2520 N0.
413 2500 424 2520 1
463 2491 500 2520 et
529 2497 608 2532 s·q.
1302 2520 1304 2522 ,

298 2551 359 2594 (2)
389 2549 477 2587 vid.
509 2549 720 2587 Matthaeus
753 2548 796 2583 ‹le
834 2548 968 2584 Afflict.
1005 2551 1094 2585 Dec.
1133 2551 1202 2583 25&
1248 2556 1281 2583 ct
1324 2548 1533 2584 llosentlml

247 2614 290 2648 de
331 2614 443 2650 Fcud.
479 2618 574 2662 Cap.
614 2615 664 2649 lx
698 2613 766 2650 No.
804 2626 867 2656 127
905 2621 940 2648 et
978 2620 1058 2651 ηδ.
