1811 3358
873 251 934 296 23

240 392 434 432 norum,
468 395 574 427 nam
622 396 727 428 cum
768 379 1024 427 Comitibus
1065 379 1319 425 Bouloniae
1361 388 1410 428 et
1449 381 1541 429 Cli-

238 458 364 511 viae,
393 460 645 506 amicitiam
689 460 898 505 restituit
938 473 1059 504 anno
1108 456 1233 504 1168
1278 457 1404 504 inter
1455 460 1542 507 Co-

237 536 372 582 mites
401 538 643 583 Flandriae
676 545 726 583 et
753 535 1030 582 Hollandiae
1078 535 1137 582 de
1180 534 1377 596 regione
1419 539 1543 585 inter

238 615 453 662 Scaldum
501 623 549 662 et
577 615 860 661 Heederzee.

298 695 528 742 Henricus
578 697 744 743 habuit
793 696 909 741 duas
954 711 1143 752 uxores3
1195 693 1450 756 Agnetem,
1485 713 1540 742 ex

233 789 329 834 qua
360 781 494 819 natus
544 783 614 821 est
654 774 941 831 Gerhartus3
972 775 1046 819 uti
1077 772 1272 835 probari
1301 782 1460 836 potest
1484 791 1539 820 ex

233 853 559 915 epistola,qua
586 854 868 899 monasterio
892 854 1088 899 Sanctae
1115 853 1289 898 Mariae
1316 861 1364 898 et
1399 854 1541 899 Sanc-

233 932 271 976 ti
299 932 542 979 Laurentii
576 934 860 995 Ostbruggio
910 949 1032 979 anno
1087 932 1209 980 1179
1241 932 1364 977 dono
1405 933 1537 978 dedit

232 1026 394 1071 agrum
419 1013 479 1058 ad
509 1015 704 1065 Isalam‚
731 1029 882 1074 prope
917 1012 1195 1072 Spankeren
1229 1011 1393 1063 situm,
1427 1027 1537 1056 con-

232 1092 462 1136 sentiente
493 1092 591 1136 filio
623 1091 859 1140 Gerharto
882 1092 932 1136 in
962 1090 1237 1136 felicitatem
1275 1091 1416 1135 animi
1442 1107 1540 1136 ma-

231 1168 317 1213 tris
362 1168 572 1229 Agnetis.
637 1170 697 1214 Et
742 1171 793 1213 in
842 1169 930 1213 hac
988 1167 1187 1227 epistola
1232 1182 1280 1210 se
1329 1169 1539 1214 nominat

231 1246 508 1308 Legitimum
551 1249 806 1294 haeredem
852 1247 1145 1308 Zutphaniae
1192 1245 1270 1306 (1).

292 1327 487 1373 Praeter
534 1326 822 1375 Gerhartum
869 1343 924 1372 ex
968 1326 1059 1371 hoo
1108 1324 1404 1370 matrimonio
1454 1339 1536 1368 na-

231 1412 304 1449 tus
346 1412 416 1450 est
458 1405 591 1458 Otto,
624 1406 709 1465 qui
735 1412 898 1465 postea
937 1404 1098 1449 Comes
1126 1401 1314 1449 Gelriae
1350 1402 1534 1453 fuit,et

227 1483 324 1529 filia
369 1484 690 1544 Margaretha,
724 1499 846 1544 quae
889 1481 1236 1527 matrimonium
1282 1481 1388 1525 iniit
1423 1495 1529 1524 cum

229 1561 512 1621 Engelberto
554 1561 731 1607 Comite
783 1577 810 1605 a
852 1561 1031 1611 Monte,
1066 1559 1214 1603 Maria
1258 1573 1364 1602 cum
1414 1557 1533 1604 Ger-

226 1641 363 1685 harto
409 1640 586 1686 Comite
645 1657 671 1685 a
716 1640 826 1685 Loss
867 1647 916 1684 et
960 1638 1118 1699 Agnes
1171 1653 1277 1682 eum
1324 1637 1531 1681 Hen1·ieo

225 1720 375 1765 Coeco
432 1719 609 1764 Comite
655 1718 959 1764 Namuroensi
1006 1726 1054 1762 et
1114 1716 1528 1776 Lutsenburgensi.

285 1799 330 1844 A
361 1798 598 1843 nonnullis
628 1797 936 1858 scriptoribus
979 1796 1154 1842 dicitur
1185 1796 1392 1841 Henrico
1427 1811 1531 1838 suo-

226 1878 413 1925 cessisse
481 1876 743 1924 Gerhartus
801 1876 915 1936 quia
970 1890 1140 1920 nomen
1193 1874 1383 1919 Comitis
1432 1889 1532 1933 ges-

225 1959 286 2004 sit
332 1956 409 2018 (2).
479 1955 573 2003 Sed
618 1957 709 2001 hoe
758 1955 864 2001 fieri
910 1970 1005 2000 non
1046 1954 1225 2016 potuit,
1257 1953 1371 2013 quia
1419 1967 1531 2012 pro-

293 2186 359 2234 (1)
387 2187 467 2234 Ego
498 2184 680 2220 Henricus
708 2180 842 2219 Divina
879 2179 1010 2217 Gratia
1037 2178 1242 2227 Legitimus
1275 2178 1386 2216 heres
1417 2179 1511 2215 Zut-

240 2251 460 2303 phaniensis
491 2246 634 2297 Oppidi
663 2252 793 2282 notum
823 2244 919 2281 facio
951 2242 1123 2280 omnibus
1146 2242 1286 2279 Christi
1318 2250 1409 2279 caet.
1433 2243 1511 2282 vid.

242 2329 317 2355 van
348 2320 496 2362 Spaen,
527 2313 641 2348 Oord.
672 2311 816 2346 Inleid.
850 2316 908 2343 tot
936 2308 980 2344 de
1015 2308 1126 2343 Geld.
1145 2308 1344 2353 Historia,
1377 2308 1431 2343 ΙΙ.
1452 2309 1510 2343 D.

244 2382 341 2418 cod.
373 2380 484 2425 Dipl.
519 2379 598 2413 N0.
631 2387 693 2420 27.
743 2373 862 2409 Causa
912 2370 961 2406 ob
1005 2383 1114 2419 quam
1146 2370 1329 2406 Henricus
1366 2369 1404 2404 in
1436 2369 1508 2404 hae

239 2443 398 2493 epistola
431 2455 467 2479 se
504 2450 582 2475 non
614 2444 721 2476 vocet
759 2435 942 2473 Comitem
975 2434 1069 2471 haec
1103 2433 1225 2470 afferri
1266 2439 1390 2482 potest
1422 2431 1505 2479 quia

240 2505 302 2541 hic
332 2519 419 2555 ager
447 2512 526 2541 erat
547 2517 591 2540 ex
629 2500 856 2552 proprietate
892 2499 1139 2538 Dominorum
1175 2496 1429 2546 Zutphaniae.

291 2569 351 2613 (ιι)
390 2569 480 2608 Vid⁴
507 2565 704 2605 Charterb.
733 2579 772 2614 p.
802 2566 888 2601 225.
