1811 3358
844 243 931 290 117

238 410 242 414 .
295 373 362 420 Ex
426 374 499 418 his
547 375 693 434 igitur
746 373 990 418 omnibus·
1024 374 1134 419 satis
1183 375 1558 429 demonstratum

227 463 449 516 putamus
497 452 687 500 Gelriae
763 468 817 497 ac
878 453 1175 514 Zutphaniae
1233 460 1558 522 principatum

229 535 408 594 optimo
447 534 587 593 jure,
635 541 684 577 et
718 549 773 577 ex
822 534 1030 578 omnium
1073 550 1280 594 quorum
1325 538 1558 589 intererat

224 630 454 658 consensu
488 613 548 657 ad
596 613 814 657 Carolum
848 613 1152 673 Burgundiae
1185 625 1233 662 et
1268 618 1553 669 Brabantiae

222 694 430 744 Ducem,
467 692 639 736 deinde
672 691 730 736 ad
771 708 1088 737 successorem
1119 694 1221 753 ejus
1257 696 1476 744 Carolum
1509 702 1552 748 V

219 772 563 833 Imperatorem
593 772 695 831 ejus
729 779 1042 831 pronepotem
1083 775 1361 831 pervenisse
1389 793 1550 824 omne-

219 867 314 911 que
342 851 424 910 jus
468 850 599 910 quod
644 849 756 893 olim
800 850 904 893 Dux
953 848 1196 895 Germ-dus
1241 854 1551 911 Juliacensis,

216 946 422 992 proavus
468 937 710 974 maternus
753 927 897 973 Ducis
932 928 1086 974 Juliae
1118 938 1167 974 et
1199 930 1403 987 Cliviae,
1434 945 1548 983 tune

217 1011 456 1071 regnantis
510 1010 772 1055 habuerat.
815 1009 882 1053 ita
923 1009 1041 1061 rite,
1085 1009 1216 1069 juste
1265 1022 1313 1058 et
1349 1017 1549 1064 efficaci-

219 1097 317 1142 ter,
355 1090 406 1133 in
438 1088 619 1133 dictum
646 1089 868 1134 Carolum
894 1087 1074 1132 Ducem
1105 1106 1193 1150 per
1224 1094 1547 1143 venditionem

215 1180 263 1217 et
301 1170 558 1215 cessionem
605 1170 862 1230 legitimam
905 1170 1212 1224 translatum,
1247 1191 1301 1219 ac
1335 1192 1424 1236 per
1460 1179 1546 1223 im..

212 1249 501 1310 peratoriam
565 1238 896 1292 investituram
949 1255 996 1291 et
1060 1250 1234 1294 realem
1287 1257 1545 1312 posscssio-

210 1344 320 1376 nem
366 1335 532 1388 postea
584 1334 820 1377 secutam,
884 1326 1214 1373 confirmatum
1264 1331 1431 1386 fuisse,
1489 1345 1542 1382 ut

213 1407 457 1455 Gerardus
491 1405 615 1450 nihil
648 1405 838 1448 omnino
865 1405 991 1464 juris
1026 1406 1085 1451 ad
1117 1409 1303 1454 easdem
1335 1412 1541 1461 ditiones

211 1486 425 1546 potuerit
459 1486 509 1529 in
552 1483 726 1528 Cliviae
771 1483 976 1535 Ducem,
1031 1501 1168 1554 suum
1218 1501 1536 1553 pronepotem

211 1565 552 1616 transmittere,
602 1564 848 1623 ipsamque
895 1566 1236 1623 possessionem
1286 1572 1349 1629 (si
1392 1589 1538 1633 quam

207 1645 287 1690 1110
316 1644 519 1705 adeptus
570 1644 658 1703 est)
707 1642 826 1686 adeo
863 1645 1164 1689 temerariam
1211 1664 1266 1692 ac
1314 1651 1538 1698 vitiosum

209 1726 381 1777 fuisse,
415 1731 472 1768 ut
515 1739 673 1783 neque
711 1723 763 1767 in
808 1724 1125 1783 possessorio,
1165 1742 1324 1788 neque
1355 1731 1405 1775 in
1450 1748 1538 1794 pe-

205 1803 371 1849 titorio
411 1802 598 1862 judicio
642 1801 868 1847 adversus
916 1803 1161 1850 Caesarem
1207 1824 1255 1852 se
1288 1811 1413 1855 tueri
1447 1829 1534 1873 po-

204 1883 364 1929 tuerit.

216 1998 221 2001 .
265 1960 430 2021 Atque
466 1961 535 2005 ita
568 1959 683 2004 huie
711 1960 852 2005 etiam
882 1963 1011 2021 parti
1047 1962 1190 2008 finem
1209 1965 1534 2029 imponamus3

201 2048 251 2086 et
293 2056 583 2100 quamquam
619 2040 711 2100 ipsi
753 2040 896 2101 plane
945 2043 1200 2089 sentiamus
1243 2047 1395 2093 multa
1421 2048 1535 2095 huie

201 2128 363 2170 nostro
411 2120 546 2181 operi
591 2119 780 2173 deesse,
832 2129 989 2166 tamen
1036 2123 1086 2167 in
1123 2125 1383 2185 legentium
1429 2130 1533 2174 ani..

200 2200 286 2244 mis
339 2200 570 2259 optimum
616 2199 753 2244 nobis
809 2200 1100 2259 praesidium
1164 2220 1263 2250 esse
1310 2215 1532 2267 paratum

196 2294 458 2339 speramus,
513 2294 609 2338 quo
654 2279 771 2323 hace
807 2278 924 2324 vitia
952 2279 1224 2330 humaniter
1260 2287 1532 2334 condonen-

198 2366 290 2402 tur.

259 2436 419 2496 Quum
453 2451 568 2480 vero
604 2435 655 2480 in
689 2435 932 2496 prioribus
967 2445 1096 2484 utet
1131 2441 1179 2485 in
1210 2441 1339 2487 hisce
1373 2445 1524 2504 parti-

197 2516 284 2566 bus
315 2530 454 2574 saepe
492 2517 856 2563 memoravimus
888 2519 1074 2571 literas,
1120 2519 1292 2579 quibus
1316 2521 1397 2583 jus
1429 2524 1527 2570 Do-

194 2611 295 2641 mus
333 2592 613 2641 Austriacae
647 2595 695 2640 in
723 2594 914 2644 Gelriac
951 2599 1184 2645 Ducatum
1217 2618 1270 2645 ac
1315 2603 1525 2665 Zutpha-
