1811 3358
868 222 929 268 38

235 355 438 401 bibitam
490 362 635 414 atque
683 354 775 398 hoe
813 354 914 413 ipso
950 351 1107 396 edicto
1157 350 1270 395 urbs
1317 352 1569 397 Arnhemi-

239 435 340 480 ensi
397 449 486 495 per
533 434 756 480 scabinos
812 431 1150 478 eliminandum
1202 431 1251 475 in
1294 430 1570 476 hibendam-

235 529 331 574 que
381 515 545 560 statuit
592 528 786 560 usuram
834 527 1150 572 versurasque
1203 526 1392 561 omneS.
1443 526 1568 570 quae

233 592 407 639 ibidem
459 593 599 653 vulgo
667 599 1031 648 exercerentur3
1096 589 1229 650 quod
1279 597 1467 634 veteres
1519 596 1568 634 et

231 673 282 716 in
316 671 388 716 his
424 671 613 716 Tacitus
664 671 890 716 foenebre
940 670 1151 714 nominat
1197 668 1373 714 malum
1408 669 1568 729 saepi-

230 766 384 811 usque
437 759 583 811 atque
632 752 890 797 identidem
940 752 1140 796 vetitum
1178 750 1355 797 Romae
1401 749 1563 795 refert.

231 829 336 874 Hoc
361 831 410 875 in
439 829 696 892 diplomate
734 831 953 878 Reinaldi
981 830 1191 881 Comitis,
1224 829 1432 876 foenoris
1467 847 1564 875 non

232 925 328 955 una
369 911 549 971 speeies
583 909 808 969 modique
843 916 1190 960 memorantur,
1227 917 1274 953 et
1322 910 1449 956 inter
1489 926 1566 955 ee-

233 996 338 1033 tera
368 988 534 1032 foenus
580 988 839 1047 praecipue
887 987 1125 1038 habitum,
1173 988 1209 1031 si
1261 989 1369 1046 quis
1416 1004 1563 1049 pecu·-

230 1068 309 1112 nia
356 1067 608 1128 pecuniam
649 1074 973 1122 mercaretur-3
1029 1072 1286 1124 ceteraque
1331 1067 1562 1126 ejusmodi

228 1158 276 1193 et
310 1156 546 1208 quatenus
580 1145 766 1206 aliquid
797 1162 886 1206 per
917 1146 1234 1207 hypothecam
1266 1154 1314 1190 et
1338 1146 1564 1207 pignora-

233 1229 384 1273 tiones
438 1226 711 1272 sumendam
746 1227 1105 1288 permitteretur
1148 1225 1347 1286 propius
1394 1225 1562 1271 eodem

233 1308 535 1354 declaratam.

298 1389 508 1433 Tandem
542 1396 757 1431 mortuus
793 1394 863 1430 est
894 1384 1151 1429 Reinaldus
1194 1384 1370 1443 (Pater)
1408 1385 1457 1428 in
1487 1401 1562 1428 ar-

232 1485 285 1513 ee
342 1467 606 1512 Montsortii
658 1465 734 1510 die
778 1465 809 1510 9
858 1465 1076 1510 Octobris
1137 1465 1247 1509 anni
1293 1463 1446 1521 13263
1488 1481 1561 1510 se-

231 1548 395 1609 pultus
435 1554 505 1590 est
550 1544 879 1600 Grevendaal3
918 1544 1130 1603 regnavit
1164 1543 1240 1587 vel
1275 1543 1452 1602 potius
1477 1559 1564 1587 no-

230 1633 338 1670 men
385 1624 574 1669 Comitis
616 1625 754 1684 gessit
788 1639 876 1683 per
920 1622 982 1667 56
1015 1637 1188 1673 annm,
1223 1636 1333 1665 nam
1365 1637 1441 1665 sex
1475 1638 1560 1666 an-

232 1722 318 1750 nos
351 1704 638 1765 posteriores
685 1719 783 1747 nou
826 1701 1051 1761 regnavit.

298 1786 434 1830 Nunc
468 1783 696 1827 vidiamus
731 1797 876 1842 porro
917 1780 976 1824 de
1026 1778 1258 1825 Reinaldo
1305 1780 1382 1837 1[;
1415 1796 1564 1840 quum

233 1867 340 1909 rivo
373 1862 528 1908 adhue
563 1871 700 1924 patre
737 1864 993 1908 Comitatus
1027 1859 1216 1907 Gelriae
1262 1869 1309 1905 et
1354 1861 1566 1922 Zutpha-

232 1945 339 1989 niae
371 1958 448 1986 sex
478 1958 626 1987 annos
665 1942 766 2001 jam
810 1941 1208 1990 administrasset,
1256 1946 1413 1984 tamen
1455 1949 1564 2001 post

233 2030 435 2068 mortem
468 2022 617 2082 patris
661 2020 851 2064 demum
876 2018 1040 2063 Comes
1085 2016 1235 2062 faetus
1281 2026 1351 2063 est
1397 2028 1445 2064 et
1478 2035 1563 2064 no-

235 2118 344 2149 men
387 2101 555 2162 gessit,
606 2100 959 2160 cognominatus
996 2096 1085 2141 suit
1130 2097 1272 2158 Niger
1308 2096 1386 2159 (1).

301 2182 441 2227 Anno
480 2178 601 2225 1527
638 2176 884 2238 privilegia
919 2174 1050 2220 dedit
1097 2174 1333 2222 Bomeliae
1370 2183 1418 2221 et
1452 2176 1563 2221 Thi-

236 2264 310 2307 lae
346 2269 394 2305 et
428 2273 535 2303 eum
581 2271 637 2300 eo
670 2255 871 2314 sigillum
904 2254 1232 2313 imposuerunt
1261 2263 1411 2300 mater
1432 2254 1559 2313 ejus,

238 2357 356 2387 uxor
390 2346 438 2384 et
474 2350 659 2382 sorores
692 2332 769 2394 (2).

312 2472 373 2517 (ι)
413 2470 605 2504 Pomanus
636 2466 725 2500 citat
747 2462 872 2498 locum
895 2475 939 2496 ex
967 2461 1121 2510 Aquilio
1153 2463 1217 2511 qui
1239 2462 1464 2502 Reinaldum
1484 2467 1540 2504 II.

256 2535 393 2576 Rufum
425 2534 538 2568 fuisse
571 2528 875 2579 cognominatum
907 2526 1038 2563 refert.

314 2599 377 2647 (2)
416 2600 484 2635 Est
507 2594 800 2644 manuscriptum
822 2591 887 2629 ubi
910 2591 1064 2629 dicitur:
1095 2605 1114 2625 >J
1129 2594 1204 2642 Wy
1225 2593 1419 2631 Reiuhold
1440 2593 1541 2631 Gra-
