1811 3358
872 258 964 305 100

328 396 489 441 Mense
539 390 784 440 haum-ii,
822 389 934 433 anni
985 388 1110 435 1539
1155 396 1371 434 mortuus
1402 398 1475 439 est
1518 392 1598 438 Jo-

270 478 448 522 hannes
495 474 600 519 Dux
652 470 850 521 Cliviae,
896 475 1036 530 pater
1085 467 1360 521 Guiliclmi‚
1413 487 1600 517 sueces-

270 569 426 600 sorem
454 548 730 611 relinquen's
758 548 912 592 filium
953 546 1286 602 Guiliclmum,
1319 550 1500 595 Ducem
1533 552 1606 596 in-

269 641 550 696 auguratum
583 629 790 677 Gelriae.
857 627 1038 673 Eodem
1070 645 1219 681 anno,
1247 646 1346 691 quo
1383 631 1606 676 ordinum

269 713 459 776 imperii
501 718 764 758 conventus
820 709 1012 755 habitus
1070 718 1142 755 est
1189 712 1495 758 Francofurti
1547 712 1607 758 ad

271 797 522 846 Moenum,
554 794 605 838 in
651 808 749 853 quo
808 791 997 851 seriptis
1040 791 1180 836 editis
1223 792 1484 838 defendere
1524 808 1609 837 vo-

270 877 364 921 luit
396 875 591 921 Carolus
628 872 709 933 jus
744 886 882 916 suum
912 871 962 914 in
1006 868 1201 917 Geli-iae
1229 872 1466 919 Ducatum
1486 909 1495 926 ‚
1519 874 1608 933 ju-

270 957 399 1002 ribus
443 954 681 1014 majorum
716 967 927 996 suorum.

337 1037 479 1081 Anno
517 1030 639 1078 1540
687 1031 886 1075 Carolus·
921 1028 1166 1090 prosectus
1218 1040 1289 1076 est
1332 1049 1388 1077 ex
1438 1034 1611 1096 Hispa-

268 1117 376 1167 nia,
412 1123 462 1159 ct
503 1111 637 1159 venit
674 1107 957 1156 Gandavum
978 1108 1268 1169 ‚praecipue
1301 1120 1504 1172 propter
1535 1129 1608 1159 se-

271 1196 504 1241 ditionem
555 1189 940 1238 Gandavensium
995 1196 1162 1233 contra
1214 1189 1423 1235 Mariam.
1492 1190 1612 1239 Gui-

254 1275 461 1320 -lielrnus
502 1271 605 1316 Dux
636 1285 786 1330 quum
821 1268 1238 1313 animadvertisset
1269 1270 1492 1314 carolum
1528 1287 1613 1333 ap-

269 1353 633 1416 propinquare.
684 1348 945 1392 exereitum
981 1363 1137 1399 suum,
1197 1349 1611 1396 consentientibus

278 1431 528 1479 ordinibus
547 1463 557 1481 ‚
601 1428 925 1489 amplificavit,

338 1513 480 1558 Anno
525 1508 643 1557 1541
680 1507 931 1554 Profectus
977 1516 1049 1553 est
1096 1507 1405 1553 Ratisbonam
1450 1517 1505 1554 ut
1546 1510 1613 1555 ibi

278 1594 463 1640 adesset
500 1589 732 1640 comitiis,
783 1588 866 1632 sed
918 1588 1038 1647 quid
1074 1588 1122 1631 in
1162 1589 1291 1633 hisce
1346 1590 1520 1634 sactum
1565 1598 1615 1635 et

275 1674 456 1719 dietum
501 1679 572 1715 est
604 1669 663 1712 de
694 1668 807 1728 jure
857 1668 1014 1712 Caroli
1055 1668 1098 1713 V
1131 1668 1179 1711 in
1228 1667 1464 1712 Ducatum
1496 1668 1610 1716 Gel-

279 1755 404 1804 riae,
442 1750 708 1796 videbimus
739 1749 789 1793 in
833 1749 976 1794 Parte
1027 1748 1261 1808 sequenti.

343 1832 485 1876 Anno
534 1827 658 1874 1542
718 1845 745 1873 a
792 1828 1016 1889 Principe
1055 1828 1347 1877 Arausiaco,
1399 1828 1615 1882 Renato,

278 1918 513 1972 occupata
557 1917 628 1954 est
682 1916 783 1954 tota
831 1908 952 1953 ditio
991 1909 1301 1961 Juliacensis,
1349 1924 1446 1967 quo
1493 1910 1617 1955 facto

277 1993 504 2055 princeps
546 1990 628 2034 ill-e
673 1988 868 2033 adortus
935 1987 1101 2033 suisset
1162 1988 1357 2032 Cliviam
1407 1997 1455 2034 et
1507 1989 1620 2036 Gel-

273 2075 423 2124 -riam,
476 2071 567 2115 nisi
627 2070 892 2132 Episcopus
935 2068 1228 2114 Coloniensis
1272 2077 1320 2114 et
1372 2070 1622 2132 Landgra-

276 2154 382 2198 vius
434 2150 627 2196 llessiae
699 2167 747 2196 se
802 2149 1090 2195 obtulissent
1143 2150 1202 2195 ad
1259 2165 1427 2211 pacem
1473 2151 1618 2196 confi-

275 2231 508 2277 ciendam.

341 2313 483 2357 Anno
527 2307 652 2355 1543
687 2323 837 2368 quum
887 2309 1032 2369 legati
1078 2308 1324 2356 Guilielmi
1372 2311 1515 2355 Ducis
1568 2313 1617 2356 in

277 2391 495 2439 Comitiis
525 2388 1001 2448 Norcnbergensibus
1036 2398 1173 2434 erant
1192 2425 1201 2441 ,
1222 2390 1283 2434 ad
1317 2407 1481 2450 pacem
1508 2408 1619 2436 eon-

281 2470 534 2518 finiendam
579 2484 686 2513 eum
727 2468 1052 2527 Imperat01c3
1105 2468 1300 2512 Carolus
1349 2469 1619 2530 Imperator

282 2554 383 2614 ipse
436 2551 568 2596 venit
619 2567 675 2594 ex
727 2546 957 2608 Hispania
1008 2547 1057 2590 in
1107 2547 1309 2594 Galiiam
1354 2549 1620 2611 urbemque

280 2634 576 2695 Spi'rcuseim
638 2628 720 2673 ubi
769 2642 918 2687 quum
955 2626 1211 2673 audivisset
1247 2629 1620 2676 protestantium
