<?xml version="1.0" encoding="UTF-8"?>
<!DOCTYPE html PUBLIC "-//W3C//DTD XHTML 1.0 Transitional//EN"
    "http://www.w3.org/TR/xhtml1/DTD/xhtml1-transitional.dtd">
<html xmlns="http://www.w3.org/1999/xhtml" xml:lang="en" lang="en">
 <head>
  <title>
</title>
<meta http-equiv="Content-Type" content="text/html;charset=utf-8" />
  <meta name='ocr-system' content='tesseract 3.04.00' />
  <meta name='ocr-capabilities' content='ocr_page ocr_carea ocr_par ocr_line ocrx_word'/>
</head>
<body>
  <div class='ocr_page' id='page_1' title='image "./dissertatiohisto00thye_0116.png"; bbox 0 0 1811 3358; ppageno 0'>
   <div class='ocr_carea' id='block_1_1' title="bbox 855 259 947 306">
    <p class='ocr_par' dir='ltr' id='par_1_1' title="bbox 855 259 947 306">
     <span class='ocr_line' id='line_1_1' title="bbox 855 259 947 306; baseline 0.022 -2"><span class='ocrx_word' id='word_1_1' title='bbox 855 259 947 306; x_wconf 82' lang='lat'><strong>106</strong></span> 
     </span>
    </p>
   </div>
   <div class='ocr_carea' id='block_1_2' title="bbox 245 389 1620 2447">
    <p class='ocr_par' dir='ltr' id='par_1_2' title="bbox 245 389 1620 2447">
     <span class='ocr_line' id='line_1_2' title="bbox 245 389 1588 452; baseline 0.001 -17"><span class='ocrx_word' id='word_1_2' title='bbox 245 389 495 441; x_wconf 69' lang='lat' dir='ltr'><strong>mimium,</strong></span> <span class='ocrx_word' id='word_1_3' title='bbox 544 390 774 450; x_wconf 83' lang='lat' dir='ltr'><strong>quamdiu</strong></span> <span class='ocrx_word' id='word_1_4' title='bbox 817 391 960 443; x_wconf 78' lang='lat' dir='ltr'><strong>vixit,</strong></span> <span class='ocrx_word' id='word_1_5' title='bbox 1006 390 1171 450; x_wconf 85' lang='lat' dir='ltr'><strong>quiete</strong></span> <span class='ocrx_word' id='word_1_6' title='bbox 1224 391 1462 452; x_wconf 83' lang='lat' dir='ltr'><strong>possedit,</strong></span> <span class='ocrx_word' id='word_1_7' title='bbox 1527 393 1588 437; x_wconf 83' lang='lat' dir='ltr'><strong>si-</strong></span> 
     </span>
     <span class='ocr_line' id='line_1_3' title="bbox 247 466 1591 532; baseline 0.001 -18"><span class='ocrx_word' id='word_1_8' title='bbox 247 484 309 515; x_wconf 88' lang='lat' dir='ltr'><strong>ne</strong></span> <span class='ocrx_word' id='word_1_9' title='bbox 354 467 515 512; x_wconf 84' lang='lat' dir='ltr'><strong>liberis</strong></span> <span class='ocrx_word' id='word_1_10' title='bbox 572 475 784 520; x_wconf 82' lang='lat' dir='ltr'><strong>mortuo,</strong></span> <span class='ocrx_word' id='word_1_11' title='bbox 847 484 972 513; x_wconf 85' lang='lat' dir='ltr'><strong>anno</strong></span> <span class='ocrx_word' id='word_1_12' title='bbox 1030 466 1182 521; x_wconf 80' lang='lat'><strong>1423,</strong></span> <span class='ocrx_word' id='word_1_13' title='bbox 1236 470 1591 532; x_wconf 82' lang='lat' dir='ltr'><strong>Sigismundus,</strong></span> 
     </span>
     <span class='ocr_line' id='line_1_4' title="bbox 251 545 1593 606; baseline 0.006 -18"><span class='ocrx_word' id='word_1_14' title='bbox 251 545 338 606; x_wconf 88' lang='lat' dir='ltr'><strong>qui</strong></span> <span class='ocrx_word' id='word_1_15' title='bbox 387 553 502 590; x_wconf 87' lang='lat' dir='ltr'><strong>tunc</strong></span> <span class='ocrx_word' id='word_1_16' title='bbox 545 546 787 591; x_wconf 86' lang='lat' dir='ltr'><strong>Romanus</strong></span> <span class='ocrx_word' id='word_1_17' title='bbox 841 564 922 593; x_wconf 81' lang='lat' dir='ltr'><strong>rex</strong></span> <span class='ocrx_word' id='word_1_18' title='bbox 968 556 1101 601; x_wconf 83' lang='lat' dir='ltr'><strong>erat,</strong></span> <span class='ocrx_word' id='word_1_19' title='bbox 1159 550 1349 596; x_wconf 80' lang='lat' dir='ltr'><strong>Ducatu</strong></span> <span class='ocrx_word' id='word_1_20' title='bbox 1401 549 1593 597; x_wconf 85' lang='lat' dir='ltr'><strong>Gelriae</strong></span> 
     </span>
     <span class='ocr_line' id='line_1_5' title="bbox 251 626 1597 689; baseline 0.003 -17"><span class='ocrx_word' id='word_1_21' title='bbox 251 642 310 672; x_wconf 80' lang='lat' dir='ltr'><strong>ac</strong></span> <span class='ocrx_word' id='word_1_22' title='bbox 355 626 652 687; x_wconf 74' lang='lat' dir='ltr'>zutphaniae</span> <span class='ocrx_word' id='word_1_23' title='bbox 702 626 940 672; x_wconf 85' lang='lat' dir='ltr'><strong>Comitatu</strong></span> <span class='ocrx_word' id='word_1_24' title='bbox 977 636 1205 689; x_wconf 81' lang='lat' dir='ltr'>tanquam</span> <span class='ocrx_word' id='word_1_25' title='bbox 1237 629 1392 675; x_wconf 87' lang='lat' dir='ltr'><strong>feudis</strong></span> <span class='ocrx_word' id='word_1_26' title='bbox 1429 629 1490 675; x_wconf 84' lang='lat' dir='ltr'><strong>ad</strong></span> <span class='ocrx_word' id='word_1_27' title='bbox 1525 646 1597 676; x_wconf 63' lang='lat' dir='ltr'><strong>sav</strong></span> 
     </span>
     <span class='ocr_line' id='line_1_6' title="bbox 252 706 1597 767; baseline 0.002 -15"><span class='ocrx_word' id='word_1_28' title='bbox 252 722 389 752; x_wconf 85' lang='lat' dir='ltr'><strong>crum</strong></span> <span class='ocrx_word' id='word_1_29' title='bbox 437 706 763 752; x_wconf 87' lang='lat' dir='ltr'><strong>Romanorum</strong></span> <span class='ocrx_word' id='word_1_30' title='bbox 806 706 1072 767; x_wconf 80' lang='lat' dir='ltr'><strong>Imperium</strong></span> <span class='ocrx_word' id='word_1_31' title='bbox 1131 708 1393 762; x_wconf 71' lang='lat' dir='ltr'><strong>devolutis,</strong></span> <span class='ocrx_word' id='word_1_32' title='bbox 1446 708 1597 755; x_wconf 77' lang='lat' dir='ltr'><strong>Adol-</strong></span> 
     </span>
     <span class='ocr_line' id='line_1_7' title="bbox 249 786 1601 851; baseline 0.004 -21"><span class='ocrx_word' id='word_1_33' title='bbox 249 786 403 847; x_wconf 87' lang='lat' dir='ltr'><strong>phum</strong></span> <span class='ocrx_word' id='word_1_34' title='bbox 445 786 629 836; x_wconf 79' lang='lat' dir='ltr'><strong>Ducem</strong></span> <span class='ocrx_word' id='word_1_35' title='bbox 665 786 1010 839; x_wconf 85' lang='lat' dir='ltr'><strong>Juliacensem,</strong></span> <span class='ocrx_word' id='word_1_36' title='bbox 1056 789 1211 849; x_wconf 84' lang='lat' dir='ltr'><strong>ipsum</strong></span> <span class='ocrx_word' id='word_1_37' title='bbox 1243 790 1445 851; x_wconf 82' lang='lat' dir='ltr'><strong>ejusque</strong></span> <span class='ocrx_word' id='word_1_38' title='bbox 1495 790 1601 835; x_wconf 86' lang='lat' dir='ltr'><strong>feu—</strong></span> 
     </span>
     <span class='ocr_line' id='line_1_8' title="bbox 253 851 1599 927; baseline 0.002 -16"><span class='ocrx_word' id='word_1_39' title='bbox 253 851 305 911; x_wconf 84' lang='lat' dir='ltr'><strong>di</strong></span> <span class='ocrx_word' id='word_1_40' title='bbox 348 866 581 912; x_wconf 86' lang='lat' dir='ltr'><strong>haeredes</strong></span> <span class='ocrx_word' id='word_1_41' title='bbox 632 866 884 911; x_wconf 85' lang='lat' dir='ltr'>masculini</span> <span class='ocrx_word' id='word_1_42' title='bbox 946 869 1162 927; x_wconf 83' lang='lat' dir='ltr'><strong>generis,</strong></span> <span class='ocrx_word' id='word_1_43' title='bbox 1213 869 1489 921; x_wconf 78' lang='lat' dir='ltr'><strong>investivit,</strong></span> <span class='ocrx_word' id='word_1_44' title='bbox 1543 876 1599 915; x_wconf 87' lang='lat' dir='ltr'><strong>ut</strong></span> 
     </span>
     <span class='ocr_line' id='line_1_9' title="bbox 257 946 1600 1009; baseline 0.001 -17"><span class='ocrx_word' id='word_1_45' title='bbox 257 954 463 1009; x_wconf 80' lang='lat' dir='ltr'><strong>apparet</strong></span> <span class='ocrx_word' id='word_1_46' title='bbox 523 963 578 991; x_wconf 81' lang='lat' dir='ltr'><strong>ex</strong></span> <span class='ocrx_word' id='word_1_47' title='bbox 626 946 780 990; x_wconf 87' lang='lat' dir='ltr'><strong>literis</strong></span> <span class='ocrx_word' id='word_1_48' title='bbox 843 947 1185 1000; x_wconf 81' lang='lat' dir='ltr'><strong>investiturae,</strong></span> <span class='ocrx_word' id='word_1_49' title='bbox 1249 949 1372 994; x_wconf 83' lang='lat' dir='ltr'><strong>datis</strong></span> <span class='ocrx_word' id='word_1_50' title='bbox 1437 949 1600 994; x_wconf 79' lang='lat' dir='ltr'><strong>Budae</strong></span> 
     </span>
     <span class='ocr_line' id='line_1_10' title="bbox 257 1024 1603 1091; baseline 0.002 -18"><span class='ocrx_word' id='word_1_51' title='bbox 257 1043 384 1073; x_wconf 83' lang='lat' dir='ltr'><strong>anno</strong></span> <span class='ocrx_word' id='word_1_52' title='bbox 431 1024 566 1072; x_wconf 75' lang='lat'><strong>1425.</strong></span> <span class='ocrx_word' id='word_1_53' title='bbox 632 1027 814 1073; x_wconf 83' lang='lat' dir='ltr'><strong>Verum</strong></span> <span class='ocrx_word' id='word_1_54' title='bbox 860 1044 917 1073; x_wconf 90' lang='lat' dir='ltr'><strong>eo</strong></span> <span class='ocrx_word' id='word_1_55' title='bbox 954 1037 1170 1089; x_wconf 86' lang='lat' dir='ltr'><strong>tempore</strong></span> <span class='ocrx_word' id='word_1_56' title='bbox 1223 1031 1468 1076; x_wconf 80' lang='lat' dir='ltr'><strong>Arnoldus</strong></span> <span class='ocrx_word' id='word_1_57' title='bbox 1506 1032 1603 1091; x_wconf 72' lang='lat' dir='ltr'><strong>Eg-</strong></span> 
     </span>
     <span class='ocr_line' id='line_1_11' title="bbox 256 1106 1602 1172; baseline 0.003 -20"><span class='ocrx_word' id='word_1_58' title='bbox 256 1106 542 1158; x_wconf 84' lang='lat' dir='ltr'><strong>mondanus,</strong></span> <span class='ocrx_word' id='word_1_59' title='bbox 579 1107 815 1153; x_wconf 84' lang='lat' dir='ltr'><strong>Rcinaldo</strong></span> <span class='ocrx_word' id='word_1_60' title='bbox 851 1110 1080 1169; x_wconf 85' lang='lat' dir='ltr'><strong>sanguine</strong></span> <span class='ocrx_word' id='word_1_61' title='bbox 1119 1111 1382 1171; x_wconf 66' lang='lat' dir='ltr'><strong>proximus,</strong></span> <span class='ocrx_word' id='word_1_62' title='bbox 1419 1119 1473 1156; x_wconf 90' lang='lat' dir='ltr'><strong>ut</strong></span> <span class='ocrx_word' id='word_1_63' title='bbox 1509 1127 1602 1172; x_wconf 88' lang='lat' dir='ltr'><strong>po-</strong></span> 
     </span>
     <span class='ocr_line' id='line_1_12' title="bbox 263 1186 1607 1249; baseline 0.003 -18"><span class='ocrx_word' id='word_1_64' title='bbox 263 1195 309 1231; x_wconf 86' lang='lat' dir='ltr'><strong>te</strong></span> <span class='ocrx_word' id='word_1_65' title='bbox 358 1186 461 1246; x_wconf 87' lang='lat' dir='ltr'><strong>ejus</strong></span> <span class='ocrx_word' id='word_1_66' title='bbox 506 1202 561 1231; x_wconf 76' lang='lat' dir='ltr'><strong>ex</strong></span> <span class='ocrx_word' id='word_1_67' title='bbox 607 1203 771 1232; x_wconf 90' lang='lat' dir='ltr'><strong>sorore</strong></span> <span class='ocrx_word' id='word_1_68' title='bbox 824 1203 1094 1249; x_wconf 82' lang='lat' dir='ltr'><strong>pronepos,</strong></span> <span class='ocrx_word' id='word_1_69' title='bbox 1136 1191 1398 1235; x_wconf 85' lang='lat' dir='ltr'><strong>eorundem</strong></span> <span class='ocrx_word' id='word_1_70' title='bbox 1450 1191 1607 1236; x_wconf 80' lang='lat' dir='ltr'><strong>Buca-.-</strong></span> 
     </span>
     <span class='ocr_line' id='line_1_13' title="bbox 260 1265 1603 1326; baseline 0.004 -16"><span class='ocrx_word' id='word_1_71' title='bbox 260 1274 336 1311; x_wconf 85' lang='lat' dir='ltr'><strong>tus</strong></span> <span class='ocrx_word' id='word_1_72' title='bbox 384 1273 433 1310; x_wconf 85' lang='lat' dir='ltr'><strong>ct</strong></span> <span class='ocrx_word' id='word_1_73' title='bbox 480 1265 742 1310; x_wconf 79' lang='lat' dir='ltr'><strong>Comitatus</strong></span> <span class='ocrx_word' id='word_1_74' title='bbox 799 1268 1143 1326; x_wconf 82' lang='lat' dir='ltr'><strong>possessionem</strong></span> <span class='ocrx_word' id='word_1_75' title='bbox 1194 1269 1428 1323; x_wconf 88' lang='lat' dir='ltr'><strong>obtinuit,</strong></span> <span class='ocrx_word' id='word_1_76' title='bbox 1474 1271 1603 1316; x_wconf 83' lang='lat' dir='ltr'><strong>unde</strong></span> 
     </span>
     <span class='ocr_line' id='line_1_14' title="bbox 258 1346 1602 1408; baseline 0.005 -19"><span class='ocrx_word' id='word_1_77' title='bbox 258 1346 496 1408; x_wconf 82' lang='lat' dir='ltr'><strong>plurimae</strong></span> <span class='ocrx_word' id='word_1_78' title='bbox 552 1346 906 1390; x_wconf 78' lang='lat' dir='ltr'><strong>controversiae</strong></span> <span class='ocrx_word' id='word_1_79' title='bbox 960 1354 1007 1391; x_wconf 87' lang='lat' dir='ltr'><strong>ct</strong></span> <span class='ocrx_word' id='word_1_80' title='bbox 1058 1364 1223 1408; x_wconf 78' lang='lat' dir='ltr'><strong>graves</strong></span> <span class='ocrx_word' id='word_1_81' title='bbox 1292 1351 1602 1403; x_wconf 83' lang='lat' dir='ltr'><strong>inimicitiae.</strong></span> 
     </span>
     <span class='ocr_line' id='line_1_15' title="bbox 259 1423 1608 1484; baseline 0.005 -14"><span class='ocrx_word' id='word_1_82' title='bbox 259 1425 390 1470; x_wconf 85' lang='lat' dir='ltr'><strong>inter</strong></span> <span class='ocrx_word' id='word_1_83' title='bbox 433 1424 615 1468; x_wconf 83' lang='lat' dir='ltr'><strong>Ducem</strong></span> <span class='ocrx_word' id='word_1_84' title='bbox 655 1423 935 1484; x_wconf 87' lang='lat' dir='ltr'><strong>Adelphum</strong></span> <span class='ocrx_word' id='word_1_85' title='bbox 981 1426 1300 1472; x_wconf 84' lang='lat' dir='ltr'><strong>Juliacensem</strong></span> <span class='ocrx_word' id='word_1_86' title='bbox 1340 1438 1389 1475; x_wconf 88' lang='lat' dir='ltr'><strong>et</strong></span> <span class='ocrx_word' id='word_1_87' title='bbox 1427 1431 1608 1476; x_wconf 89' lang='lat' dir='ltr'><strong>Arnol-</strong></span> 
     </span>
     <span class='ocr_line' id='line_1_16' title="bbox 259 1504 1606 1567; baseline 0.006 -16"><span class='ocrx_word' id='word_1_88' title='bbox 259 1505 374 1551; x_wconf 88' lang='lat' dir='ltr'><strong>dum</strong></span> <span class='ocrx_word' id='word_1_89' title='bbox 411 1504 771 1565; x_wconf 81' lang='lat' dir='ltr'><strong>Egmondanum</strong></span> <span class='ocrx_word' id='word_1_90' title='bbox 803 1522 1151 1567; x_wconf 79' lang='lat' dir='ltr'><strong>possessorem,</strong></span> <span class='ocrx_word' id='word_1_91' title='bbox 1204 1519 1337 1557; x_wconf 84' lang='lat' dir='ltr'><strong>ortae</strong></span> <span class='ocrx_word' id='word_1_92' title='bbox 1379 1521 1519 1565; x_wconf 86' lang='lat' dir='ltr'><strong>sunt,</strong></span> <span class='ocrx_word' id='word_1_93' title='bbox 1556 1521 1606 1558; x_wconf 89' lang='lat' dir='ltr'><strong>et</strong></span> 
     </span>
     <span class='ocr_line' id='line_1_17' title="bbox 262 1585 1604 1649; baseline 0.005 -18"><span class='ocrx_word' id='word_1_94' title='bbox 262 1585 530 1631; x_wconf 84' lang='lat' dir='ltr'><strong>sentcntiae</strong></span> <span class='ocrx_word' id='word_1_95' title='bbox 578 1592 726 1645; x_wconf 82' lang='lat' dir='ltr'><strong>atque</strong></span> <span class='ocrx_word' id='word_1_96' title='bbox 763 1586 1066 1632; x_wconf 83' lang='lat' dir='ltr'><strong>anathemata</strong></span> <span class='ocrx_word' id='word_1_97' title='bbox 1112 1589 1391 1649; x_wconf 79' lang='lat' dir='ltr'><strong>[inperialia</strong></span> <span class='ocrx_word' id='word_1_98' title='bbox 1436 1600 1604 1638; x_wconf 85' lang='lat' dir='ltr'><strong>contra</strong></span> 
     </span>
     <span class='ocr_line' id='line_1_18' title="bbox 262 1664 1609 1732; baseline 0.007 -23"><span class='ocrx_word' id='word_1_99' title='bbox 262 1664 534 1716; x_wconf 81' lang='lat' dir='ltr'><strong>Arnoldum</strong></span> <span class='ocrx_word' id='word_1_100' title='bbox 601 1664 742 1710; x_wconf 87' lang='lat' dir='ltr'><strong>edita.</strong></span> <span class='ocrx_word' id='word_1_101' title='bbox 826 1664 985 1725; x_wconf 83' lang='lat' dir='ltr'><strong>Quum</strong></span> <span class='ocrx_word' id='word_1_102' title='bbox 1041 1676 1208 1728; x_wconf 84' lang='lat' dir='ltr'><strong>postea</strong></span> <span class='ocrx_word' id='word_1_103' title='bbox 1262 1671 1361 1731; x_wconf 86' lang='lat' dir='ltr'><strong>ipse</strong></span> <span class='ocrx_word' id='word_1_104' title='bbox 1410 1688 1609 1732; x_wconf 83' lang='lat' dir='ltr'><strong>quoquc</strong></span> 
     </span>
     <span class='ocr_line' id='line_1_19' title="bbox 266 1744 1610 1811; baseline 0.003 -19"><span class='ocrx_word' id='word_1_105' title='bbox 266 1746 373 1792; x_wconf 82' lang='lat' dir='ltr'><strong>Dux</strong></span> <span class='ocrx_word' id='word_1_106' title='bbox 420 1744 674 1806; x_wconf 85' lang='lat' dir='ltr'><strong>Adolphus</strong></span> <span class='ocrx_word' id='word_1_107' title='bbox 710 1746 809 1789; x_wconf 89' lang='lat' dir='ltr'><strong>sine</strong></span> <span class='ocrx_word' id='word_1_108' title='bbox 845 1746 1011 1790; x_wconf 84' lang='lat' dir='ltr'><strong>liberis</strong></span> <span class='ocrx_word' id='word_1_109' title='bbox 1047 1754 1095 1791; x_wconf 89' lang='lat' dir='ltr'><strong>et</strong></span> <span class='ocrx_word' id='word_1_110' title='bbox 1138 1764 1386 1808; x_wconf 80' lang='lat' dir='ltr'><strong>nunquam</strong></span> <span class='ocrx_word' id='word_1_111' title='bbox 1427 1753 1610 1811; x_wconf 80' lang='lat' dir='ltr'><strong>potitus</strong></span> 
     </span>
     <span class='ocr_line' id='line_1_20' title="bbox 270 1825 1611 1883; baseline 0.001 -11"><span class='ocrx_word' id='word_1_112' title='bbox 270 1828 471 1873; x_wconf 83' lang='lat' dir='ltr'><strong>istarum</strong></span> <span class='ocrx_word' id='word_1_113' title='bbox 514 1825 752 1869; x_wconf 89' lang='lat' dir='ltr'><strong>ditionum</strong></span> <span class='ocrx_word' id='word_1_114' title='bbox 791 1825 1113 1883; x_wconf 83' lang='lat' dir='ltr'><strong>possessione,</strong></span> <span class='ocrx_word' id='word_1_115' title='bbox 1151 1826 1453 1881; x_wconf 83' lang='lat' dir='ltr'><strong>decessisset,</strong></span> <span class='ocrx_word' id='word_1_116' title='bbox 1486 1829 1611 1874; x_wconf 87' lang='lat' dir='ltr'><strong>idem</strong></span> 
     </span>
     <span class='ocr_line' id='line_1_21' title="bbox 273 1905 1613 1969; baseline 0 -15"><span class='ocrx_word' id='word_1_117' title='bbox 273 1906 602 1969; x_wconf 76' lang='lat' dir='ltr'><strong>sigismundus</strong></span> <span class='ocrx_word' id='word_1_118' title='bbox 633 1905 958 1952; x_wconf 83' lang='lat' dir='ltr'><strong>Romanorum</strong></span> <span class='ocrx_word' id='word_1_119' title='bbox 1008 1907 1307 1967; x_wconf 81' lang='lat' dir='ltr'><strong>Imperator,</strong></span> <span class='ocrx_word' id='word_1_120' title='bbox 1343 1907 1613 1955; x_wconf 72' lang='lat' dir='ltr'><strong>Germ-dum</strong></span> 
     </span>
     <span class='ocr_line' id='line_1_22' title="bbox 273 1985 1615 2050; baseline -0.003 -17"><span class='ocrx_word' id='word_1_121' title='bbox 273 1988 456 2034; x_wconf 83' lang='lat' dir='ltr'><strong>Ducem</strong></span> <span class='ocrx_word' id='word_1_122' title='bbox 507 1987 851 2037; x_wconf 77' lang='lat' dir='ltr'><strong>Juliacensem,</strong></span> <span class='ocrx_word' id='word_1_123' title='bbox 885 1985 1101 2046; x_wconf 87' lang='lat' dir='ltr'><strong>Adolphi</strong></span> <span class='ocrx_word' id='word_1_124' title='bbox 1150 2003 1204 2032; x_wconf 82' lang='lat' dir='ltr'><strong>ex</strong></span> <span class='ocrx_word' id='word_1_125' title='bbox 1256 1987 1404 2033; x_wconf 84' lang='lat' dir='ltr'><strong>fratre</strong></span> <span class='ocrx_word' id='word_1_126' title='bbox 1464 2005 1615 2050; x_wconf 66' lang='lat' dir='ltr'><strong>nepo-</strong></span> 
     </span>
     <span class='ocr_line' id='line_1_23' title="bbox 274 2064 1614 2129; baseline 0 -14"><span class='ocrx_word' id='word_1_127' title='bbox 274 2077 371 2115; x_wconf 75' lang='lat' dir='ltr'><strong>tem</strong></span> <span class='ocrx_word' id='word_1_128' title='bbox 422 2069 612 2113; x_wconf 86' lang='lat' dir='ltr'><strong>Ducatu</strong></span> <span class='ocrx_word' id='word_1_129' title='bbox 660 2064 856 2113; x_wconf 86' lang='lat' dir='ltr'><strong>Gelriae</strong></span> <span class='ocrx_word' id='word_1_130' title='bbox 909 2073 958 2110; x_wconf 88' lang='lat' dir='ltr'><strong>et</strong></span> <span class='ocrx_word' id='word_1_131' title='bbox 999 2066 1237 2111; x_wconf 85' lang='lat' dir='ltr'><strong>Comitatu</strong></span> <span class='ocrx_word' id='word_1_132' title='bbox 1286 2068 1614 2129; x_wconf 79' lang='lat' dir='ltr'><strong>Zutphaniae,</strong></span> 
     </span>
     <span class='ocr_line' id='line_1_24' title="bbox 272 2146 1548 2211; baseline -0.002 -14"><span class='ocrx_word' id='word_1_133' title='bbox 272 2149 442 2197; x_wconf 85' lang='lat' dir='ltr'><strong>iisdem</strong></span> <span class='ocrx_word' id='word_1_134' title='bbox 475 2148 658 2210; x_wconf 82' lang='lat' dir='ltr'><strong>legibus</strong></span> <span class='ocrx_word' id='word_1_135' title='bbox 701 2154 750 2192; x_wconf 90' lang='lat' dir='ltr'><strong>et</strong></span> <span class='ocrx_word' id='word_1_136' title='bbox 798 2146 1154 2192; x_wconf 87' lang='lat' dir='ltr'><strong>conditionibus</strong></span> <span class='ocrx_word' id='word_1_137' title='bbox 1189 2148 1433 2194; x_wconf 80' lang='lat' dir='ltr'><strong>investivit</strong></span> <span class='ocrx_word' id='word_1_138' title='bbox 1469 2151 1548 2211; x_wconf 85' lang='lat'><em>(1).</em></span> 
     </span>
     <span class='ocr_line' id='line_1_25' title="bbox 344 2225 1617 2289; baseline 0.001 -15"><span class='ocrx_word' id='word_1_139' title='bbox 344 2230 516 2274; x_wconf 87' lang='lat' dir='ltr'><strong>Postea</strong></span> <span class='ocrx_word' id='word_1_140' title='bbox 547 2244 671 2273; x_wconf 81' lang='lat' dir='ltr'><strong>anno</strong></span> <span class='ocrx_word' id='word_1_141' title='bbox 741 2225 867 2273; x_wconf 80' lang='lat'>1465</span> <span class='ocrx_word' id='word_1_142' title='bbox 918 2227 1162 2272; x_wconf 86' lang='lat' dir='ltr'><strong>Arnoldus</strong></span> <span class='ocrx_word' id='word_1_143' title='bbox 1211 2227 1544 2289; x_wconf 83' lang='lat' dir='ltr'><strong>Egmondanus</strong></span> <span class='ocrx_word' id='word_1_144' title='bbox 1590 2246 1617 2275; x_wconf 85' lang='lat' dir='ltr'>a</span> 
     </span>
     <span class='ocr_line' id='line_1_26' title="bbox 283 2306 1618 2367; baseline 0.001 -13"><span class='ocrx_word' id='word_1_145' title='bbox 283 2310 382 2355; x_wconf 86' lang='lat' dir='ltr'><strong>filio</strong></span> <span class='ocrx_word' id='word_1_146' title='bbox 427 2324 512 2353; x_wconf 88' lang='lat' dir='ltr'><strong>suo</strong></span> <span class='ocrx_word' id='word_1_147' title='bbox 563 2306 790 2367; x_wconf 80' lang='lat' dir='ltr'><strong>Adolplio</strong></span> <span class='ocrx_word' id='word_1_148' title='bbox 844 2309 893 2352; x_wconf 90' lang='lat' dir='ltr'><strong>in</strong></span> <span class='ocrx_word' id='word_1_149' title='bbox 938 2324 1047 2352; x_wconf 82' lang='lat' dir='ltr'><strong>arce</strong></span> <span class='ocrx_word' id='word_1_150' title='bbox 1092 2308 1293 2353; x_wconf 84' lang='lat' dir='ltr'><strong>Burensi</strong></span> <span class='ocrx_word' id='word_1_151' title='bbox 1341 2308 1618 2355; x_wconf 85' lang='lat' dir='ltr'><strong>includeba-</strong></span> 
     </span>
     <span class='ocr_line' id='line_1_27' title="bbox 284 2385 1620 2447; baseline -0.005 -12"><span class='ocrx_word' id='word_1_152' title='bbox 284 2400 393 2447; x_wconf 87' lang='lat' dir='ltr'><strong>tur;</strong></span> <span class='ocrx_word' id='word_1_153' title='bbox 429 2386 556 2435; x_wconf 82' lang='lat' dir='ltr'><strong>unde</strong></span> <span class='ocrx_word' id='word_1_154' title='bbox 607 2386 839 2431; x_wconf 83' lang='lat' dir='ltr'><strong>liberatus</strong></span> <span class='ocrx_word' id='word_1_155' title='bbox 870 2394 942 2432; x_wconf 90' lang='lat' dir='ltr'><strong>cst</strong></span> <span class='ocrx_word' id='word_1_156' title='bbox 977 2402 1101 2431; x_wconf 85' lang='lat' dir='ltr'><strong>anno</strong></span> <span class='ocrx_word' id='word_1_157' title='bbox 1141 2385 1288 2438; x_wconf 80' lang='lat'><strong>1471,</strong></span> <span class='ocrx_word' id='word_1_158' title='bbox 1324 2387 1497 2431; x_wconf 79' lang='lat' dir='ltr'><strong>auxilio</strong></span> <span class='ocrx_word' id='word_1_159' title='bbox 1532 2387 1620 2433; x_wconf 68' lang='lat' dir='ltr'><strong>Ca,</strong></span> 
     </span>
    </p>
   </div>
   <div class='ocr_carea' id='block_1_3' title="bbox 304 2557 1594 2677">
    <p class='ocr_par' dir='ltr' id='par_1_3' title="bbox 304 2557 1594 2677">
     <span class='ocr_line' id='line_1_28' title="bbox 358 2557 1594 2610; baseline 0.001 -16"><span class='ocrx_word' id='word_1_160' title='bbox 358 2563 421 2608; x_wconf 85' lang='lat'><strong>(1)</strong></span> <span class='ocrx_word' id='word_1_161' title='bbox 447 2561 499 2596; x_wconf 86' lang='lat' dir='ltr'><strong>Ut</strong></span> <span class='ocrx_word' id='word_1_162' title='bbox 542 2566 692 2596; x_wconf 81' lang='lat' dir='ltr'><strong>constat</strong></span> <span class='ocrx_word' id='word_1_163' title='bbox 733 2572 804 2608; x_wconf 82' lang='lat' dir='ltr'><strong>per</strong></span> <span class='ocrx_word' id='word_1_164' title='bbox 844 2557 972 2595; x_wconf 80' lang='lat' dir='ltr'><strong>literas</strong></span> <span class='ocrx_word' id='word_1_165' title='bbox 1018 2557 1248 2607; x_wconf 83' lang='lat' dir='ltr'><strong>Sigismundi</strong></span> <span class='ocrx_word' id='word_1_166' title='bbox 1292 2558 1397 2596; x_wconf 74' lang='lat' dir='ltr'><strong>datas</strong></span> <span class='ocrx_word' id='word_1_167' title='bbox 1432 2561 1594 2610; x_wconf 60' lang='lat' dir='ltr'><strong>hagae,</strong></span> 
     </span>
     <span class='ocr_line' id='line_1_29' title="bbox 304 2628 587 2677; baseline -0.004 -15"><span class='ocrx_word' id='word_1_168' title='bbox 304 2641 405 2670; x_wconf 67' lang='lat' dir='ltr'><strong>anno</strong></span> <span class='ocrx_word' id='word_1_169' title='bbox 437 2628 546 2671; x_wconf 52' lang='lat'>1437.</span> <span class='ocrx_word' id='word_1_170' title='bbox 584 2676 587 2677; x_wconf 19' lang='lat'><em>⁷</em></span> 
     </span>
    </p>
   </div>
  </div>
 </body>
</html>
