1811 3358
891 232 951 278 58

270 372 398 419 tuing
434 369 480 405 et
526 369 623 406 tum
657 362 795 406 simul
837 367 1094 411 statutum,
1144 367 1196 403 ut
1233 359 1597 407 Vredelandiam

271 459 412 502 quam
442 440 553 493 sibi,
596 450 649 485 ut
680 442 889 493 dictum,
923 440 1110 502 pignori
1148 439 1368 485 servabat
1403 439 1600 483 Hollan-v

274 522 379 566 diae
415 521 577 565 Comes
612 520 870 571 Albertus,
920 521 1074 564 soluto
1103 520 1278 580 ‘pretio
1323 518 1602 578 Ultrajecti-

274 602 325 644 ni
361 601 662 645 redimerent,
697 599 800 643 Hoc
831 606 1046 659 tempore
1075 599 1339 659 Episcopus
1355 613 1453 642 non
1483 598 1604 641 mul-

277 690 378 726 tum
423 679 649 725 auxilium
715 678 942 739 praebuit
1005 678 1175 723 Comiti
1223 677 1458 729 Blesensi,
1508 691 1606 720 om-

278 763 455 821 niaque
504 759 591 804 sibi
641 759 824 819 integra
888 756 1173 805 Guilielmus
1238 758 1449 803 Julianus
1495 756 1610 801 reti-

280 842 410 892 nuit,
464 841 552 884 nisi
595 838 727 898 quod
783 837 1065 888 Brederodii
1116 837 1334 881 dominus
1395 835 1609 880 Thielam

282 921 533 981 receperit.
599 918 810 978 Eamque
862 925 1104 979 receptam
1146 916 1399 962 fortissime
1445 914 1610 960 defen-

280 1002 433 1052 derit,
478 998 651 1044 additis
697 998 1094 1058 propugnaculis,
1131 1005 1180 1042 et
1214 1013 1383 1058 aggere
1415 996 1504 1056 qui
1540 1001 1612 1039 est

281 1081 405 1125 infra
473 1078 765 1124 Zandvicum
811 1077 1005 1124 Thielae
1062 1075 1275 1136 ejusdem
1333 1075 1615 1121 suburbium

280 1162 508 1222 perfosso.
576 1158 847 1217 Exortaque
887 1173 994 1202 mox
1043 1156 1201 1202 Rheni
1233 1163 1281 1201 et
1315 1154 1509 1201 Vahalis
1543 1153 1617 1197 in-

283 1258 394 1302 gens
431 1238 707 1291 inundatio,
755 1238 964 1299 plurima
1019 1236 1175 1281 eidem
1221 1235 1359 1286 urbi,
1402 1234 1615 1293 locisque

283 1320 453 1364 vicinis
493 1317 783 1362 detrimenta
816 1317 995 1363 intulit.
1062 1317 1178 1364 Nam
1223 1323 1272 1361 et
1311 1330 1452 1374 agger
1491 1312 1618 1357 idem

285 1400 331 1443 vi
375 1412 608 1458 aquarum
650 1397 699 1440 in
739 1403 892 1440 totum
938 1393 1287 1457 propemodum
1317 1393 1529 1443 dirutus,
1570 1399 1620 1436 et

286 1488 425 1540 porta
457 1478 590 1522 urbis
621 1493 728 1522 eum
767 1483 906 1536 parte
940 1476 1064 1520 muri
1097 1491 1290 1526 eversa,
1324 1472 1619 1519 serventibus

283 1559 422 1603 undis
464 1557 676 1602 funditus
722 1555 966 1600 destructa
1011 1561 1314 1599 corruerunt.

352 1640 516 1682 Comes
560 1634 705 1678 Blesii
746 1640 999 1693 postquam
1029 1631 1182 1675 minus
1211 1630 1271 1675 ad
1300 1638 1410 1675 vota
1446 1630 1617 1675 cedere

291 1724 463 1762 cuneta
511 1713 725 1763 videret,
762 1719 810 1755 et
842 1718 965 1755 esset
1012 1710 1230 1755 amissum
1264 1725 1392 1754 nune
1427 1709 1622 1769 insuper

293 1795 616 1843 Λνειῐιωιιιιιη,
655 1797 822 1848 totque
856 1789 1095 1849 impensae
1141 1789 1240 1833 sine
1277 1806 1365 1833 usu
1400 1797 1448 1834 et
1479 1805 1624 1850 opera

296 1877 447 1919 facim·
477 1871 589 1916 belli
625 1869 814 1914 demum
850 1870 1000 1914 aleam
1032 1869 1281 1915 tradidisse
1320 1871 1448 1927 aliis;
1494 1878 1542 1915 et
1574 1870 1622 1914 in

291 1957 363 2000 hia
399 1950 680 1997 Mechtildae
731 1950 1014 2009 praesertim
1060 1949 1251 2009 conjugi
1301 1966 1436 2002 suae,
1481 1967 1626 2011 prae—

295 2036 481 2091 miique
515 2028 892 2087 Trajectensium
935 2027 1153 2072 Arnoldo
1189 2029 1441 2083 Romano,
1478 2046 1623 2091 seque

299 2108 681 2157 Schoonhoviam
734 2106 968 2166 recepisse
1015 2105 1206 2150 dieitur.

367 2192 659 2236 Adoleverat
690 2186 781 2230 hoc
813 2193 1027 2246 tempore
1069 2194 1118 2232 et
1155 2187 1216 2232 ad
1262 2187 1468 2249 puberes
1515 2204 1627 2249 pro—

301 2270 557 2336 pemodum
620 2281 765 2310 annos
815 2274 1104 2326 pervenerat
1151 2265 1434 2313 Guilielmus
1480 2268 1628 2313 Julia-

307 2353 481 2401 sensis,
527 2355 580 2391 ut
621 2352 733 2406 pote
769 2362 943 2390 annum
984 2347 1084 2407 jam
1129 2347 1364 2393 decimum
1406 2355 1629 2407 quartum

304 2439 553 2493 ingressus.
620 2425 754 2472 Unde
803 2425 1032 2471 Albertus
1082 2428 1289 2472 Bavarus
1348 2427 1630 2472 Hollandiae

312 2516 501 2562 (lomes,
544 2523 695 2568 quum
730 2506 773 2550 ei
817 2506 916 2564 jam
957 2513 1092 2556 ante,
1144 2515 1382 2551 annuente
1432 2523 1485 2551 ac
1530 2507 1632 2551 vin-

314 2594 470 2638 culum
535 2587 828 2650 cognationis
882 2587 1091 2632 solvente
1148 2603 1325 2633 summo
1378 2588 1630 2645 Pontificc⁴
