1811 3358
902 246 964 292 50

307 375 466 424 ,Unde
501 381 696 435 apertae
750 374 942 422 tandem
978 376 1208 422 factiones
1244 382 1440 428 enatae,
1481 386 1599 436 qna-2

266 471 371 502 rum
414 454 558 506 haec,
610 462 885 517 contempto
932 455 1165 502 Reinaldo
1213 455 1372 508 Duce,
1419 455 1606 502 Eduar-·

262 536 377 581 dum
427 534 673 580 dominum
725 551 862 582 suum
913 535 1132 597 agnovit3
1194 535 1277 580 illa
1326 551 1442 581 vero
1497 535 1602 581 He-

265 616 446 683 kerana
476 613 631 666 dicta,
673 629 818 674 quem
864 615 940 663 lex
983 622 1034 660 et
1065 622 1265 666 natura,
1314 622 1484 675 utpote
1518 630 1602 660 na-

264 703 328 741 tur
368 694 599 754 majorem
654 693 951 759 principatui
1005 693 1334 755 praefecerat,
1399 694 1617 757 Reinalff

273 775 415 828 dum,
466 773 558 821 sibi
605 772 955 835 agnoscendum
998 781 1049 820 et
1095 773 1140 818 ei
1189 781 1244 818 ut
1277 773 1400 823 Duci
1451 774 1604 821 domi-

261 870 424 916 noque
461 852 819 902 adhaerendum
846 851 1099 913 judicavit.
1168 851 1392 912 Quamvis
1425 869 1514 898 nec
1549 854 1603 906 id

263 936 398 998 quod
445 934 642 985 tradunt
674 933 872 994 quidem
914 933 1077 978 obesse
1125 933 1318 980 veritati
1352 931 1601 986 videatur,

263 1016 448 1064 dissidii
494 1013 697 1074 primam
749 1012 1048 1057 occasionem
1085 1011 1197 1059 inde
1241 1021 1419 1064 ortam,
1467 1013 1599 1073 quod

263 1095 353 1142 sibi
386 1095 438 1140 in
481 1107 644 1142 rerum
695 1107 749 1136 ac
797 1090 1035 1138 ditionum
1074 1089 1308 1137 divisione
1342 1092 1497 1138 minus
1527 1110 1599 1139 sa-

264 1174 504 1223 tisfaotum
551 1171 802 1217 Eduardus
849 1178 1153 1232 quereretur.

323 1254 515 1315 Quanta
569 1252 855 1314 praesertim
903 1251 1095 1299 Gelriae
1142 1249 1350 1311 populus
1396 1266 1452 1295 ex
1504 1250 1598 1294 hoo

259 1333 455 1380 dissidio
505 1347 760 1394 perpessus
822 1330 994 1378 damna
1058 1329 1228 1382 suerit,
1296 1336 1596 1389 quantasque

259 1411 415 1460 clades
462 1428 517 1460 ac
563 1411 855 1457 calamitates
890 1409 1116 1461 subierit,
1168 1407 1444 1456 indicabant
1485 1425 1599 1468 pas-

259 1494 346 1538 sim
396 1500 542 1554 atque
592 1490 743 1539 oculis
794 1488 1102 1550 ingerebant,
1169 1496 1380 1535 vastatae
1431 1487 1598 1533 deser-

257 1580 432 1631 taeque
493 1571 663 1621 villae,
714 1570 979 1628 municipia
1033 1585 1088 1613 ac
1149 1569 1382 1614 civitates.
1459 1568 1597 1616 Inter

256 1659 417 1696 cetera
481 1665 537 1696 eo
588 1657 803 1708 tempore
857 1662 1017 1691 mense
1083 1646 1326 1706 Augusto,
1397 1647 1596 1707 ingressi

253 1734 490 1789 Thielam3
527 1733 827 1783 Walramus,
864 1731 1050 1774 Bornae
1083 1737 1131 1774 et
1150 1727 1480 1786 Valkenburgi
1508 1727 1593 1770 do-

251 1814 431 1865 minus,
485 1813 713 1858 Dominus
754 1812 847 1855 iter
896 1810 1112 1870 Asperae
1158 1816 1207 1853 ct
1249 1807 1488 1853 Johannos
1529 1806 1590 1853 ab

252 1893 457 1944 Arckel,
505 1892 591 1952 qui
631 1890 866 1937 Reinaldo
912 1890 1036 1935 Duci
1084 1887 1366 1939 studebant,
1419 1887 1592 1936 turrim

249 1973 379 2021 aedis
422 1973 560 2021 divae
595 1971 876 2030 Walburgis
907 1986 1004 2015 una
1034 1984 1141 2014 cum
1165 1975 1357 2012 centum
1392 1974 1440 2011 et
1470 1983 1591 2027 qua—

249 2052 467 2113 draginta
527 2051 613 2113 qui
661 2050 711 2095 in
763 2064 870 2094 eam
931 2047 1251 2108 confugerunt
1317 2046 1590 2093 hominibus

248 2132 356 2192 igne
405 2131 586 2190 injecto
632 2136 928 2179 exusserunt.
996 2128 1134 2175 Unde
1169 2135 1218 2173 et
1264 2127 1441 2172 civium
1473 2128 1588 2177 hino

248 2212 359 2257 inde
409 2212 660 2259 conflictus
697 2208 1043 2260 animadversi,
1091 2214 1371 2269 perpetrata
1418 2208 1588 2253 utrim-

248 2306 343 2350 que
391 2290 669 2344 homicidia‚
719 2288 1002 2351 suspendia,
1052 2287 1427 2338 submersione8‚
1471 2286 1588 2330 alia-

245 2373 340 2429 que
377 2369 540 2417 audita
574 2369 742 2415 mortis
777 2368 913 2415 mala.
966 2368 1086 2413 Toto
1115 2374 1273 2412 autem
1307 2365 1419 2410 anni
1459 2364 1584 2411 1355

249 2448 488 2494 curriculo
537 2448 704 2493 saeviit
757 2448 933 2492 mirum
986 2447 1034 2490 in
1088 2445 1279 2488 modum
1326 2459 1413 2503 per
1463 2442 1586 2490 Gel-

244 2527 344 2577 riae
393 2544 554 2573 omnes
583 2536 762 2575 tractus
796 2534 968 2587 coepta
1013 2523 1235 2573 Reiualdi
1267 2523 1580 2590 Eduardique

246 2607 432 2658 Ducum
479 2607 633 2657 factio,
