1811 3358
913 299 1005 345 114

282 420 439 476 tribus
487 432 655 477 liberis
706 445 879 491 nempe
924 430 1161 476 Reinaldo
1208 430 1322 482 ΙΙΙ,
1374 431 1626 487 Eduardo,

289 520 337 557 et
392 513 565 563 Maria,
623 511 709 571 qui
763 511 937 570 singuli
1007 510 1235 571 deinceps
1291 521 1625 573 regnaverunt.

281 591 478 636 Mariam
513 599 675 636 autem
725 590 1082 634 matrimonium
1121 590 1313 636 inivisse
1361 609 1467 638 cum
1509 591 1629 640 Gui-

285 671 449 716 iielmo
495 671 654 716 Juliae
687 671 820 716 Duce
867 679 916 715 et
951 671 1194 733 peperisse
1228 670 1381 717 filium
1416 673 1629 733 ejusdem

283 754 512 806 nominis,
546 762 691 814 atque
719 754 848 799 hunc
886 754 1029 798 fuisse
1058 754 1268 814 primum
1305 755 1487 799 Ducem
1515 753 1628 802 Gel-

282 835 383 879 riae
435 843 484 880 et
527 835 713 886 Juliae,
747 849 955 894 eumque
1002 849 1030 878 a
1065 833 1236 879 Carolo
1276 834 1348 880 IV
1390 834 1629 880 Romano·

283 930 390 959 rum
457 917 762 976 Imperatore
831 914 1108 959 solemniter
1156 914 1434 959 investitum
1485 915 1629 960 fuisse

283 995 333 1037 in
367 994 512 1038 sendo
545 1011 698 1045 novo,
753 998 841 1055 (ut
891 1003 1126 1039 testantur
1157 996 1326 1040 literae
1365 996 1626 1041 investitu-

284 1077 414 1131 rae).
484 1074 561 1119 Ad
600 1075 691 1120 hoc
753 1075 1169 1136 respondendum,
1217 1090 1367 1134 quum
1426 1076 1629 1135 privile-

278 1155 408 1215 gium
453 1155 599 1200 hocce
638 1173 727 1217 per
764 1156 1041 1217 Adolphum
1073 1155 1349 1201 Nassavium
1388 1154 1625 1200 Reinaldo

286 1235 309 1278 Ι··
331 1270 340 1286 ,
378 1235 497 1279 Duci
531 1234 750 1286 Geli-iae,
783 1251 1058 1281 eoncessum
1095 1235 1269 1286 fuerit,
1316 1235 1427 1281 hinc
1467 1243 1627 1280 tamen

278 1331 376 1360 non
426 1317 561 1376 sequi
598 1316 658 1360 ad
693 1317 890 1360 Mariam
929 1315 1018 1377 (1),
1056 1315 1200 1359 Ducis
1246 1314 1478 1359 Clivensis
1526 1332 1625 1360 ma·

282 1402 425 1445 trem,
458 1394 538 1453 jus
573 1394 862 1439 succedendi
902 1395 951 1438 iu
988 1410 1043 1439 eo
1082 1395 1269 1438 Due-atu
1305 1403 1353 1439 et
1388 1395 1626 1440 Comitatu

281 1475 587 1535 pervenisse3
624 1475 737 1534 quia
782 1480 972 1517 mortuo
1018 1473 1254 1518 Reinaldo
1302 1473 1414 1525 illo,
1453 1474 1624 1518 ultimo

277 1556 410 1601 Duce
461 1554 651 1602 Gelriae
699 1564 747 1600 et
799 1555 980 1606 Juliae,
1039 1553 1367 1614 Sigismundus
1411 1554 1627 1615 Impera·

275 1643 376 1685 tor,
444 1636 633 1679 Ducatu
679 1634 873 1682 Ge'lriae
922 1643 971 1680 et
1017 1634 1255 1679 Comitatu
1301 1635 1624 1695 Zutphaniae,

278 1716 587 1776 Adolphum,
611 1717 790 1761 Ducem
831 1716 1172 1766 Juliaeensem,
1208 1715 1409 1775 ejusque
1441 1714 1621 1760 liberos

279 1797 513 1840 masculos
563 1796 823 1841 investivit.
890 1795 1027 1841 Unde
1065 1795 1238 1839 confici
1280 1802 1470 1855 potest,
1507 1795 1623 1841 lieet

275 1876 389 1921 olim
424 1877 512 1921 iste
566 1878 780 1922 Dueatus
822 1885 870 1922 et
905 1876 1168 1922 Comitatus
1213 1874 1447 1936 potuisset
1476 1876 1620 1921 etiam

277 1956 340 2001 ad
375 1956 494 2000 filias
529 1955 748 2008 devolvi,
777 1963 936 2001 tamen
959 1963 1068 2017 post
1104 1954 1436 1999 investituram
1469 1955 1621 2000 Adol-

274 2037 361 2097 phi
392 2044 441 2082 et
474 2033 698 2087 Germ-di,
735 2034 989 2080 soem-inam
1034 2033 1098 2079 ab
1126 2034 1217 2078 illis
1249 2032 1618 2081 descendentem

344 2225 406 2268 (ι)
437 2225 538 2258 Haec
571 2222 687 2258 Maria
724 2234 801 2256 non
834 2219 1103 2256 confundenda
1135 2227 1192 2255 est
1228 2233 1312 2255 cuin
1349 2220 1487 2265 Maria,
1522 2220 1602 2257 filia

292 2286 471 2324 Reinaldi
502 2288 555 2322 ΙΙ.
590 2285 706 2321 Maria
733 2284 777 2320 de
805 2299 878 2333 qua
915 2284 988 2320 hoc
1014 2284 1099 2320 loco
1122 2285 1267 2333 agimus
1293 2294 1373 2322 erat
1405 2285 1483 2321 filia
1504 2286 1604 2321 Gui-

294 2352 413 2388 lielmi
440 2351 554 2388 Ducis
587 2349 708 2388 juliae
733 2359 770 2386 et
804 2350 965 2395 Montis,
1002 2352 1065 2399 qui
1090 2359 1261 2387 mortuus
1285 2358 1343 2386 est
1374 2351 1453 2385 sine
1486 2350 1597 2394 filiis;

292 2418 410 2456 Maria
453 2426 543 2453 tunc
586 2416 867 2452 matrimonium
911 2416 995 2451 iniit
1040 2429 1125 2451 cum
1169 2415 1345 2453 johanne
1389 2416 1450 2451 III
1494 2417 1598 2452 Duce

290 2483 431 2518 mix-iae
469 2496 513 2517 ex
551 2496 627 2531 quo
660 2481 899 2516 matrimonio
935 2489 1044 2515 natus
1081 2488 1137 2514 est
1169 2479 1398 2515 Gnilielmus
1432 2483 1494 2529 qui
1529 2482 1600 2517 sibi

290 2547 515 2589 misenebat,
555 2548 623 2583 Jus
658 2546 696 2581 iu
730 2544 925 2587 Geli-iani,
970 2543 1014 2577 de
1063 2556 1136 2591 quo
1178 2543 1339 2589 agimus.
1394 2544 1485 2581 Vid.
1518 2547 1600 2582 Ge-

292 2611 464 2657 ncalogia
499 2612 713 2659 Principum
747 2608 867 2646 Juliae
914 2607 1015 2655 apud
1055 2607 1356 2654 Stichtenhorst,
1404 2609 1490 2647 Lib.
1525 2612 1597 2648 IX.

289 2690 378 2726 1³⁶5·
415 2689 501 2714 221.
531 2690 613 2725 seq,
649 2684 683 2713 et
720 2677 867 2712 Ducum
899 2672 1039 2710 Clixiae:
1075 2666 1162 2710 Lib.
1197 2675 1288 2711 Xlt.
1325 2688 1368 2724 p.
1396 2676 1484 2722 469.
1517 2689 1597 2726 seq.
