1811 3358
943 277 1004 325 74

308 431 404 476 que
435 428 568 458 sexus
611 411 889 456 liberorum.
956 410 1054 456 Nec
1098 408 1241 453 etiam
1288 402 1557 456 Arnoldus‚
1587 412 1646 449 *ut

310 493 451 540 modo
504 492 745 537 innuimus
764 524 774 542 ,
821 483 951 535 ultra
995 504 1172 534 annum
1214 486 1452 532 decimum
1502 499 1649 544 quar-

316 583 420 620 tum
467 569 635 617 aetatis
685 568 890 614 multum
941 573 1262 628 promoverat.
1346 564 1494 612 Ortae
1541 571 1651 609 sunt

313 651 573 700 nonnullae
630 648 925 701 discordiae,
969 648 1098 692 inter
1149 647 1333 692 Ducem
1382 643 1652 691 Arnoldum

314 742 365 780 et
397 730 626 778 Comitem
662 745 689 774 a
723 729 882 774 Monte
903 762 912 780 ,
948 735 1153 788 propter
1192 725 1538 772 successionem
1568 723 1653 770 Ju-

313 815 407 862 liae
443 819 493 858 et
526 809 744 862 Gelriae,
777 824 982 869 quarum
1015 805 1212 868 quidem
1241 805 1504 869 praecipua
1539 818 1653 849 cau-

320 911 372 940 sa
405 891 541 938 finita
571 904 695 936 anno
735 886 888 940 1429,
923 903 1022 948 quo
1060 894 1277 932 mortuus
1309 893 1381 932 est
1413 884 1656 932 Robertus

321 992 351 1021 a
396 973 586 1022 Monte,
627 968 756 1014 filius
796 968 967 1013 unicus
1011 966 1250 1028 Adolphi,
1288 966 1372 1012 sed
1402 964 1656 1027 Adolphus

322 1054 376 1099 in
420 1051 548 1096 bello
590 1048 921 1110 perseveravit
977 1061 1132 1106 usque
1184 1045 1244 1090 ad
1307 1061 1484 1090 annum
1535 1042 1658 1092 1437

321 1148 420 1195 quo
468 1131 570 1192 ipse
618 1126 750 1172 obiit.

386 1211 529 1257 Anno
561 1212 793 1267 sequente
832 1202 956 1251 1438
994 1203 1241 1257 Arnoldo‚
1275 1208 1531 1266 postquam
1558 1200 1661 1263 jam

323 1308 471 1341 annos
509 1290 568 1335 15
593 1302 788 1333 uxorem
814 1285 1072 1339 habuerat,
1091 1294 1231 1331 natus
1257 1292 1328 1330 est
1346 1283 1473 1329 filius
1504 1282 1662 1328 Adol-

323 1374 448 1436 phus
498 1370 557 1415 de
606 1382 704 1428 quo
752 1366 894 1427 plura
967 1364 1142 1410 deinde
1216 1374 1360 1411 erunt
1440 1361 1660 1407 dicenda.

328 1452 488 1497 Mense
524 1448 742 1506 Augusto
774 1444 886 1488 anni
937 1441 1088 1496 1442,
1130 1443 1401 1504 Imperator
1443 1442 1665 1488 Frederi-

328 1546 410 1575 cus
445 1526 525 1572 III
557 1522 860 1571 Francosurti
903 1520 964 1566 ad
1011 1522 1255 1575 Moenam,
1307 1523 1358 1567 in
1409 1538 1664 1585 procerum

325 1605 526 1669 Imperii
555 1602 786 1653 Comitiis,
806 1616 1003 1661 prorsus
1036 1600 1269 1652 firmavit,
1303 1602 1553 1647 renovavit
1583 1610 1657 1647 at-

329 1703 425 1749 que
468 1683 598 1731 auxit
640 1681 962 1726 immunitates
997 1695 1051 1725 ac
1090 1680 1344 1741 privilegia
1373 1682 1666 1742 Neomagen-

331 1767 477 1816 sium,
526 1775 747 1807 concessa
790 1760 892 1820 jam
942 1759 1057 1804 olim
1094 1759 1208 1820 ipsis
1257 1775 1285 1805 a
1335 1759 1665 1806 decessoribus

332 1844 450 1905 ojus.
517 1839 748 1886 Concessa
791 1846 903 1885 sunt
946 1839 1004 1883 iis
1036 1839 1194 1885 omnia
1243 1839 1525 1901 privilegia,
1559 1841 1669 1902 qui-

333 1924 423 1970 bus
473 1918 725 1967 fruebatur
778 1918 1009 1980 oppidum
1058 1918 1416 1980 Aquisgranum
1463 1920 1542 1981 (1).

400 2002 542 2048 Amio
573 1996 694 2046 1447
726 1996 993 2043 discordiae
1021 2004 1154 2042 ortae
1185 2005 1297 2042 sunt
1332 1997 1458 2043 inter
1492 1997 1670 2043 Arnol-

336 2082 452 2129 dum
486 2096 542 2126 ac
587 2079 877 2140 Neomagum
923 2084 1126 2139 propter
1161 2075 1369 2122 Drielam
1406 2076 1498 2138 (2);
1547 2077 1672 2124 Neo-

334 2177 575 2224 magenses
607 2166 766 2205 autem
790 2157 893 2218 jam
927 2171 1051 2202 anno
1090 2153 1233 2209 1449,
1263 2157 1314 2203 in
1347 2157 1545 2219 gratiam
1564 2173 1671 2202 cum

338 2241 555 2290 Arnoldo
596 2239 728 2284 Duce
766 2237 1020 2283 redierant.

406 2322 547 2368 Anne
583 2316 705 2364 1450
735 2317 828 2362 iter
872 2315 1082 2377 suscepit
1118 2314 1362 2361 Arnoldus
1392 2316 1590 2362 Romam
1623 2315 1677 2362 et

413 2509 476 2556 (1)
505 2507 719 2543 Literarum
764 2500 903 2552 quibus
947 2499 1043 2536 haec
1096 2499 1420 2548 Neomagensibus
1476 2515 1655 2540 concessa

360 2582 451 2615 {sunt
482 2573 620 2617 verba,
660 2570 735 2606 vid.
771 2567 874 2617 apud
909 2567 1123 2603 Pontianum
1157 2578 1249 2615 sag.
1283 2567 1354 2602 482
1390 2578 1470 2615 seq.

418 2641 482 2688 (2)
508 2639 700 2676 Fontanus
732 2645 821 2685 pag.
851 2635 922 2679 4136
952 2645 1060 2683 seqq.
