1811 3358
839 257 926 303 122

219 393 361 437 etiam
382 398 654 436 consuetam
673 389 1032 450 promissionem
1049 423 1058 439 ,
1080 387 1349 448 homagium
1369 396 1416 432 et
1428 389 1562 447 jura-

218 464 457 522 mentu'm,
491 486 538 515 se
565 469 702 514 nobis
734 469 806 513 uti
834 469 1160 514 Romanorum
1191 468 1322 528 regi,
1341 466 1562 518 fidelem,

217 550 545 602 obedientem,
592 558 640 594 et
680 548 1012 595 observantem
1056 549 1299 600 futurum,
1345 555 1563 593 nostrum

214 630 392 674 bonum
435 635 772 689 promoturum
814 635 862 673 et
905 628 1081 672 malum
1121 627 1469 681 adversurum,
1515 635 1566 674 et.

221 709 463 771 quidquid
493 707 695 754 feudalis
714 708 946 769 Princeps
974 724 1086 769 erga
1118 723 1255 752 suum
1272 724 1459 760 verum,
1481 723 1568 753 na·

218 794 440 844 turalem,
495 792 790 837 ordinarium
826 800 874 837 et
919 791 1051 837 feudi
1099 791 1371 842 dominum,
1408 797 1457 834 et
1489 804 1566 834 sa-

223 889 357 918 crum
412 872 677 934 Imperium
712 870 771 915 de
815 870 927 930 jure
961 878 1010 915 et
1058 868 1403 915 consuetudine
1445 868 1567 913 obli-

223 962 357 1013 gatus
402 960 474 997 cst
509 952 683 996 facere.
752 949 813 993 Et
856 965 941 993 nos
1001 949 1144 993 etiam
1191 950 1467 1012 supplemus
1511 964 1565 995 ex

222 1041 414 1077 nostrae
464 1032 705 1076 Romanae
757 1029 915 1089 regiae
968 1029 1216 1088 potestatis
1263 1028 1565 1089 plenitudine

224 1128 386 1157 omncs
421 1109 637 1156 desectus
672 1109 759 1169 qui
802 1110 851 1154 in
901 1108 1238 1169 suprascriptis
1271 1107 1413 1153 rebus
1456 1123 1568 1169 pos-

223 1202 329 1239 sent
368 1192 526 1236 notari
547 1199 594 1236 ct
628 1189 1244 1249 inveniri,qualescunque
1279 1188 1351 1233 illi
1380 1196 1562 1240 essent,

221 1283 269 1321 et
317 1273 580 1334 stabilimus
633 1279 681 1315 et
728 1271 946 1314 volumus
998 1270 1057 1314 de
1102 1269 1351 1330 praedicta
1396 1275 1562 1313 nostra

229 1353 359 1413 regia
418 1357 685 1411 potestate,
755 1364 853 1408 quo
913 1348 1187 1407 hujusmodi
1251 1348 1466 1393 desectus
1516 1348 1567 1393 in

227 1431 453 1495 praefatis
491 1430 632 1475 rebus
671 1438 862 1474 nostrae
923 1429 1265 1481 concessionis,
1319 1437 1368 1474 et
1418 1428 1567 1474 dona-

227 1513 372 1560 tionis
407 1511 498 1572 ipsi
546 1510 658 1554 duci
705 1509 958 1570 Adolpho,
1009 1517 1057 1554 et
1104 1510 1198 1553 suis
1253 1507 1565 1560 haeredibus,

223 1594 402 1640 nullam
437 1590 817 1651 oppositionem,
855 1588 1281 1648 impedimentum,
1317 1597 1400 1634 aut
1435 1589 1567 1634 dam·-

226 1688 342 1719 num
385 1669 590 1720 afferre,
627 1675 710 1713 aut
759 1667 997 1713 adducere
1046 1667 1230 1728 possint
1262 1675 1310 1712 et
1343 1667 1565 1713 debeant,

228 1753 293 1799 Et
335 1750 445 1796 ideo
476 1747 752 1793 mandamus
800 1748 1019 1792 omnibus
1054 1756 1102 1792 ct
1134 1748 1330 1807 singulis
1379 1747 1567 1791 comiti-

229 1835 341 1884 bus,
398 1827 688 1878 baronibus,
740 1826 1005 1878 nobilibus,
1057 1825 1331 1885 equitibus,
1389 1824 1565 1885 pediti·

225 1910 344 1961 bus,
380 1907 524 1959 viris,
560 1905 829 1959 officiariis,
856 1905 1132 1966 judicibus,
1173 1904 1415 1949 nobilibus
1449 1904 1564 1949 bur-

225 1988 536 2053 gimagistriS,
585 1987 894 2039 consiliariis,
937 1995 986 2031 et
1018 1985 1436 2032 communitatibus
1481 2001 1562 2030 ur-

227 2071 389 2121 bium,
439 2065 730 2129 oppidorum
776 2072 826 2110 et
870 2081 1126 2127 pagorum,
1181 2073 1230 2111 et
1271 2065 1415 2109 etiam
1460 2063 1565 2110 aliis

228 2147 446 2195 omnibus
481 2147 692 2207 praefati
720 2145 922 2192 ducatus
967 2145 1161 2194 Gelriae
1215 2153 1264 2190 et
1313 2145 1563 2189 comitatus

229 2228 519 2275 Zutchaniae
558 2227 984 2279 inhabitatoribus,
1027 2234 1076 2272 et
1122 2226 1183 2272 ad
1230 2243 1286 2271 ea
1315 2225 1564 2287 pertinen·

226 2310 388 2361 tibus,
421 2307 480 2352 de
515 2307 728 2354 Romana
764 2309 893 2369 regia
937 2315 1174 2369 potestate
1220 2307 1343 2353 serio
1378 2315 1428 2352 et
1465 2305 1562 2350 dis-

226 2389 370 2436 tricte
422 2402 511 2448 per
573 2393 875 2447 praesentes,
924 2402 1021 2448 quo
1071 2387 1344 2447 praefatum
1390 2386 1561 2431 ducem

234 2466 511 2530 Adolphum
531 2499 542 2517 ,
578 2472 628 2510 et
661 2479 767 2509 suos
794 2463 926 2509 feudi
955 2480 1149 2524 capaces
1183 2464 1435 2518 haeredes,
1467 2480 1558 2527 pro

234 2550 328 2594 suis
363 2545 643 2598 ordinariis,
677 2553 726 2591 et
763 2544 1058 2591 naturalibus
1101 2544 1432 2590 haereditariis
1473 2543 1559 2589 do-

234 2627 399 2678 minis,
435 2627 507 2671 uti
559 2625 759 2672 ducibus
814 2624 1002 2672 Gehiae
1054 2632 1102 2670 ct
1150 2624 1397 2671 comitibus
1444 2625 1557 2671 Zut-
