1811 3358
845 259 906 303 63

222 389 374 432 veteri
406 390 729 434 controversia
777 388 835 432 de
871 389 1049 449 oppido
1093 387 1294 433 Graviac
1326 398 1373 434 ct
1405 389 1544 434 ditio-

221 481 278 509 ne
311 466 461 510 Cucae
506 474 605 509 tum
651 474 698 510 ct
742 465 953 510 Castellis
1000 465 1244 526 Gangelli,
1297 469 1450 513 Millae
1489 486 1543 514 ac

220 543 424 600 Vuchti3
461 543 592 603 quod
624 544 662 587 si
706 559 873 587 verum
909 551 978 588 est
1023 544 1155 604 origo
1190 543 1290 603 jam
1326 554 1544 605 repeten-

221 621 279 666 da
315 630 384 666 est
428 621 487 666 ab
535 638 657 666 anno
705 621 827 668 1323
861 622 939 682 (1).

285 700 352 745 At
400 701 617 746 Johanna
651 701 779 745 hunc
823 702 872 745 in
904 701 1045 746 finem
1076 702 1202 747 misit
1230 702 1414 763 Sylvam
1449 703 1546 748 Du-

227 780 291 823 cis
339 779 603 824 Johannem
653 779 890 827 Withemi
943 781 1196 841 Dynastam
1243 797 1348 825 cum
1390 782 1545 826 valido

222 858 488 918 praesidio,
524 858 657 919 quod
687 859 731 904 ei
766 860 962 904 maxime
1000 860 1190 905 timeret
1232 859 1293 904 ob
1325 858 1546 906 Graviam

220 939 569 999 propinquam,
619 939 774 984 Mosae
839 940 1105 991 civitatem,
1150 956 1293 1000 quam
1341 940 1545 987 Guiliel<

219 1033 322 1061 mus
356 1017 449 1061 dux
498 1033 671 1078 genero
703 1034 786 1062 suo
832 1018 1046 1062 Johanne
1096 1017 1194 1062 filio
1241 1018 1458 1063 Wemari
1493 1036 1546 1063 ex

221 1096 320 1140 filia
351 1105 405 1141 ut
443 1097 625 1141 dictum
668 1097 829 1157 spuria
874 1096 1111 1157 praesidio
1147 1097 1413 1144 firmissimo
1442 1115 1545 1143 cus-

221 1174 368 1219 todiri
410 1177 704 1235 permiserat.
781 1176 944 1235 Atque
986 1178 1051 1220 ita
1105 1177 1353 1221 Brabantis
1406 1179 1545 1238 Sylva

220 1254 390 1304 Ducis,
424 1252 581 1300 Gelris
629 1253 807 1299 Gravia
850 1254 1233 1306 excurrentibus,
1264 1255 1544 1302 interfectus

221 1349 332 1393 ager
365 1333 536 1378 misere
572 1333 880 1394 affligebatur.
917 1332 1139 1378 Ceterum
1171 1334 1398 1380 Brabanti
1425 1334 1545 1382 Gra-

222 1412 346 1455 viam
385 1411 473 1455 sibi
524 1421 736 1472 ereptam
770 1411 1023 1457 frementes
1073 1428 1232 1458 mense
1276 1416 1544 1477 Septembri

223 1491 334 1535 anni
371 1490 494 1537 1386
539 1493 693 1551 magni
724 1491 838 1536 belli
878 1498 1138 1552 apparatu,
1184 1494 1411 1554 oppidum
1447 1497 1544 1541 ciu-

222 1578 420 1622 xerunt,
470 1571 696 1614 miserant
739 1570 882 1614 urbes
929 1571 1138 1630 singulae
1176 1572 1225 1615 in
1261 1588 1367 1617 eum
1402 1590 1542 1634 expe-

219 1648 451 1692 ditionem
485 1662 677 1691 suorum
708 1648 1146 1707 praestantissimos.
1214 1650 1397 1710 Quibus
1423 1655 1543 1698 mul-

222 1728 475 1772 titudinem
522 1726 830 1770 incitantibus
892 1729 1077 1788 saepius
1128 1731 1316 1776 sortiter
1360 1749 1542 1794 oppug-

221 1814 382 1851 natum
435 1804 690 1866 oppidum,
740 1806 887 1850 multo
957 1807 1126 1852 fortius
1184 1809 1543 1857 defendebatur.

221 1886 326 1945 Qua
356 1893 557 1947 propter
591 1884 816 1929 Brabanti
849 1895 1068 1932 revocata
1115 1904 1219 1932 mox
1266 1889 1508 1936 obsidione
1528 1927 1538 1943 ‚

222 1967 272 2010 in
312 1965 475 2010 castris
509 1964 733 2024 deinceps
767 1965 1023 2023 quievere,
1068 1966 1188 2012 fame
1233 1968 1294 2013 ad
1339 1969 1542 2015 deditio-

220 2061 329 2089 nem
387 2044 542 2089 evinei
585 2042 847 2103 oppidanos
895 2060 1029 2104 posse
1078 2047 1404 2093 existimantes.
1471 2050 1538 2095 At
1586 2092 1587 2095 ,

221 2125 325 2168 Dux
369 2122 646 2170 Guilielmus
693 2120 783 2164 hoc
818 2121 997 2165 veritus
1032 2139 1248 2169 socerum
1285 2142 1420 2171 suum
1450 2128 1539 2174 Al-

221 2203 410 2247 bertum
455 2202 710 2252 Bamrum,
744 2199 1023 2245 Hollandiae
1066 2202 1317 2258 Comitem,
1358 2224 1445 2268 per
1478 2210 1535 2253 li-

223 2291 345 2327 teras
377 2282 621 2332 sollicitat,
667 2289 720 2326 ut
750 2295 914 2341 pacem
947 2280 1071 2325 inter
1107 2298 1154 2327 se
1182 2300 1235 2328 ac
1266 2285 1409 2330 Ducis
1436 2287 1537 2345 jam

221 2362 501 2412 Brabantiae
537 2362 798 2407 Johannmn
847 2371 1176 2424 componeret3
1223 2366 1354 2425 quod
1393 2366 1535 2412 officii

289 2549 356 2592 (ι)
384 2550 581 2586 Historiam
614 2549 724 2600 hujus
750 2551 802 2587 rei
833 2550 905 2593 vid.
933 2550 1035 2600 apud
1058 2552 1268 2588 Pontanum
1299 2554 1345 2590 ad
1375 2568 1512 2593 annum

242 2616 345 2648 1³23.
