1811 3358
794 257 856 303 89

152 403 260 432 cum
314 403 421 448 rege
466 389 689 434 Francico
725 388 988 439 Ludovieo,
1030 387 1226 449 ejusque
1277 409 1470 437 consan-

151 468 321 527 guineo
348 466 607 512 -Ludovico
657 467 925 517 Borbonio,
963 467 1292 513 Leodiensium
1327 473 1471 517 antis-

148 546 236 590 tite
267 547 447 596 Caroli,
483 545 696 606 Adolphi
730 545 847 597 filii,
899 547 1133 590 avunculo
1186 564 1233 593 se
1269 550 1469 608 conjun-

149 636 332 670 xerunt.

161 730 168 735 ›
217 704 396 764 Estque
432 704 531 749 fere
563 703 729 749 eodem
772 711 1016 763 tempore,
1069 719 1175 748 cum
1221 705 1476 752 Guilielmo

145 784 448 844 Egmondano
485 784 687 842 ejusque
735 781 845 825 filiis
880 789 927 826 et
958 783 1158 827 Domino
1209 784 1476 829 Culcnbur-

149 863 252 923 gico
272 898 282 914 ,
318 863 435 906 inita
469 861 752 918 transact103
788 861 1166 922 permissumque
1194 870 1248 906 ut
1282 863 1352 906 illi
1384 880 1473 924 per

145 939 335 987 Gelriae
366 940 568 984 ditiones
603 939 951 993 universas-res
974 957 1078 985 suas
1111 949 1214 985 tuto
1246 950 1467 1003 agerent,

143 1021 226 1066 sed
255 1028 309 1066 ut
340 1036 561 1080 operam,
593 1019 757 1079 prouti
807 1027 1027 1078 possent,
1057 1019 1254 1073 darent,
1302 1029 1358 1065 ut
1406 1022 1466 1065 li-

148 1098 254 1143 beri
289 1098 502 1158 Adolphi
537 1097 708 1148 Ducis,
741 1097 904 1156 quiin
934 1098 1041 1142 aula
1076 1098 1378 1159 Burgundica
1403 1116 1476 1145 es-

145 1185 279 1229 sent,
321 1193 432 1222 suae
478 1176 796 1220 redderentur
837 1178 1117 1236 potestatis;
1164 1194 1253 1223 nec
1297 1196 1345 1224 se
1391 1179 1475 1224 ad-

144 1272 308 1300 versus
343 1255 535 1301 Gelriae
582 1255 787 1300 ditiones
829 1270 936 1300 cum
984 1256 1210 1302 Austriae
1258 1258 1478 1318 Burgun-

143 1334 347 1394 diacque
391 1333 523 1378 Duce
567 1333 911 1387 Maximiliano,
956 1335 1047 1380 nisi
1097 1352 1275 1381 summa
1317 1339 1472 1382 coacti

142 1413 445 1465 necessitate,
477 1414 840 1474 conjungerent.

209 1493 325 1537 Erat
360 1508 481 1537 anno
520 1491 644 1540 1478
678 1494 972 1554 Zutphaniae
1004 1494 1228 1555 princeps
1272 1494 1481 1540 illustris

143 1586 198 1614 ac
243 1571 434 1630 praesul
476 1570 914 1615 Monosteriensium
961 1572 1252 1618 reverendus
1295 1574 1471 1619 Henri-

142 1665 224 1694 cus
277 1648 744 1709 Swartsenburgius,
810 1650 896 1710 qui
930 1651 1169 1710 sexaginta
1215 1669 1472 1698 aureorum

141 1729 466 1774 Rhenensium
499 1728 707 1772 millibus
736 1730 1011 1774 universum
1049 1731 1344 1791 Zutphaniae
1378 1733 1468 1779 Co-

142 1807 358 1851 mitatum
403 1808 767 1868 oppignoratum
811 1809 870 1853 ab
923 1810 1220 1869 Imperatore
1268 1827 1467 1871 accepe-

142 1893 242 1938 rat,
281 1902 336 1930 ea
367 1887 498 1947 lege,
530 1895 584 1930 ut
626 1887 750 1932 veris
793 1887 1049 1932 heredibus
1092 1888 1215 1933 idem
1261 1890 1464 1935 vicissim

140 1965 396 2012 Comitatus
441 1974 653 2027 pateret,
706 1983 850 2027 quam
881 1968 1090 2027 primum
1133 1968 1215 2011 illa
1257 1969 1464 2027 pecunia

141 2062 319 2090 summa
359 2047 450 2106 ipsi
481 2054 564 2090 aut
610 2046 713 2105 ejus
747 2047 1096 2092 successoribus
1126 2046 1426 2092 redderetur.

204 2123 423 2183 Diploma
450 2123 617 2168 iisdem
643 2122 809 2167 diebus
836 2124 1047 2183 evulgari
1081 2124 1334 2171 Catharina
1360 2127 1459 2172 Du-

139 2202 258 2247 cissa
305 2200 439 2253 fecit,
481 2203 630 2246 missis
691 2218 789 2246 non
837 2202 898 2247 ad
944 2201 1112 2249 Gelros
1147 2211 1332 2249 tantum
1377 2206 1460 2251 sed

140 2282 201 2332 ad
247 2281 528 2342 Comitatum
571 2297 766 2342 quoque
818 2282 1112 2343 Zutphaniae
1154 2284 1258 2343 ejus
1309 2295 1472 2329 exem-'

137 2362 259 2421 ptis3
294 2359 467 2420 quibus
509 2360 630 2404 serio
662 2375 920 2420 severeque
951 2361 1221 2409 mandatum
1256 2365 1455 2425 oppida-

136 2456 198 2485 no
243 2441 536 2500 magistratui
582 2440 756 2491 voluit,
790 2447 844 2483 ut
871 2439 951 2499 jus
975 2439 1216 2487 diceretur
1267 2443 1444 2494 ubivis,

137 2526 279 2578 atquc
315 2519 698 2572 admisti-aretur,
726 2519 782 2564 iis
821 2518 871 2564 in
910 2518 1084 2566 finibus
1129 2522 1215 2567 sub
1261 2522 1448 2567 nomine

1054 2597 1111 2644 12
