1811 3358
889 253 952 300 98

251 387 731 447 Luncnburgcnsium
783 385 978 428 Eucissa
1029 382 1207 427 relictis
1254 381 1443 434 liberis,
1505 400 1590 429 no-

255 470 349 514 this
403 482 520 511 vero
575 466 828 524 utriusque
882 480 1015 508 sexus
1068 462 1265 522 aliquot.
1342 460 1592 522 Quinqua-

256 549 385 609 ginta
429 546 529 591 fere
570 544 703 589 annis
740 544 997 595 continuis,
1036 542 1123 587 sub
1159 542 1274 587 actis
1310 550 1394 587 aut
1438 542 1490 586 in
1536 542 1592 588 fi·-

252 629 360 674 dem
408 641 542 671 suum
586 625 792 684 receptis
842 623 953 667 hinc
1002 621 1437 674 Trans-Isalanis‚
1492 621 1595 669 Fri-.

253 708 360 759 siis,
418 704 760 766 Gmfflnganis,
831 703 941 747 inde
1000 719 1089 764 per
1148 702 1389 748 dioecesin
1434 701 1595 748 Ultra-

248 786 478 847 jectinam
495 821 504 837 ‚
534 793 616 830 aut
647 784 766 829 mari
793 777 900 828 cum
925 782 1175 828 Hollandis
1202 782 1440 842 domoque
1473 781 1596 831 Bur-,

256 865 461 926 gundica
491 881 545 910 ac
577 863 796 925 gentibus
856 863 1026 908 vicinis
1065 862 1252 907 assidue
1292 878 1443 923 quum
1477 878 1597 924 pug-

255 953 437 997 nasset,
479 945 634 989 victor
672 943 858 1002 saepius
906 958 1050 1001 quam
1093 943 1247 987 victus
1283 942 1387 988 fuit.

320 1025 479 1069 Funus
521 1022 721 1066 maxima
771 1037 878 1064 cum
925 1022 1223 1066 solemnitate
1273 1039 1327 1066 ac
1386 1039 1592 1084 pompa,

252 1105 448 1149 ductum
484 1100 776 1152 Arnhemio,
815 1099 1158 1160 conditumque
1195 1115 1369 1160 corpus
1404 1116 1593 1145 mauso-

255 1185 332 1229 lco
353 1184 402 1228 in
430 1181 546 1227 aede
581 1179 855 1226 Cathedrali
885 1178 996 1223 divo
1033 1178 1239 1223 Eusebio
1272 1194 1418 1223 sacra.
1485 1179 1600 1227 Post

255 1271 458 1308 mortem
515 1261 680 1320 itaque
742 1258 928 1310 Caroli,
976 1258 1168 1302 ordines
1221 1258 1415 1303 Gclriae
1481 1259 1598 1303 Zut-

255 1344 559 1406 phaniacquc
596 1338 907 1385 Guiliclmum
942 1338 993 1382 II
1030 1337 1182 1381 filium
1217 1337 1446 1397 majorem
1480 1345 1597 1383 natu

256 1424 402 1469 Ducis
460 1420 687 1465 ,lobannis
753 1418 960 1468 Cliviae,
1015 1417 1259 1461 dominum
1327 1418 1598 1479 ducemque

257 1519 419 1553 suum,
475 1501 620 1561 idque
654 1516 708 1543 cx
759 1506 901 1558 pacto
946 1506 1183 1542 convento
1232 1497 1291 1542 de
1323 1514 1420 1558 quo
1457 1515 1598 1560 supe-

252 1601 352 1630 rius
417 1582 599 1626 dictum
647 1579 761 1624 lacti
818 1578 1128 1636 volentesque
1179 1586 1499 1639 receperunt3
1549 1587 1598 1627 et

254 1663 523 1725 principem
553 1659 654 1719 jam
699 1655 1047 1702 hereditarium
1100 1656 1285 1701 solenni
1326 1673 1434 1702 cum
1469 1658 1596 1711 ritu,

256 1751 312 1787 ut
353 1741 460 1786 fieri
510 1739 718 1790 solebat,
767 1752 929 1781 omnes
965 1743 1276 1796 agnoverunt.
1356 1737 1596 1784 Antonius

254 1821 574 1881 Lotharingae
622 1820 727 1864 Dux
776 1818 934 1863 statim
975 1817 1174 1878 Legatos
1207 1817 1335 1861 misit
1370 1817 1431 1862 ad
1482 1817 1598 1865 Gel-

257 1919 359 1955 ros,
407 1903 492 1962 qui
527 1901 719 1945 nominc
764 1898 908 1944 Ducis
952 1897 1024 1942 sui
1069 1896 1427 1958 significarunt,
1480 1915 1597 1960 pr0-,

259 1981 546 2041 ceribusque
591 1981 640 2025 in
675 1979 949 2025 memoriam
998 1984 1308 2029 revocarunt,
1354 1993 1452 2024 non
1495 1995 1595 2025 csso

251 2061 570 2106 illustrissimo
606 2059 817 2121 principi
858 2057 1027 2103 Carolo
1081 2055 1274 2103 Gelriac
1310 2056 1458 2110 Duci,
1508 2060 1598 2106 Co-

255 2141 458 2200 mitique
510 2140 808 2201 Zutphaniae
857 2138 1137 2199 cognatione
1198 2139 1597 2199 propinquiorem

255 2221 482 2266 heredem
531 2238 676 2281 quam
727 2220 971 2265 dominum
1016 2235 1152 2263 suum
1207 2218 1472 2265 Antonium
1506 2222 1597 2267 Lo..

258 2302 506 2362 tharingae
545 2302 632 2362 (l);
682 2301 742 2346 Et
774 2301 882 2346 ideo
919 2299 1110 2348 Geli-iac
1149 2301 1386 2346 Ducatum
1420 2317 1474 2346 ac
1508 2301 1595 2346 Co-

331 2503 396 2547 (ι)
426 2503 519 2536 Nam
565 2500 752 2536 Antonius
788 2506 866 2534 erat
903 2497 1003 2532 filius
1038 2497 1267 2546 Philipfae‚
1311 2500 1410 2536 filiae
1454 2501 1577 2538 Adol,

276 2565 364 2614 phi,
401 2567 539 2602 sni-niis
582 2564 707 2602 Caroli
739 2565 876 2607 Ducis,
916 2563 979 2611 qui
1015 2562 1293 2599 matrimonium
1327 2564 1459 2601 inierat
1492 2579 1575 2605 cum

277 2632 423 2666 Bonam
460 2634 559 2666 ihu-c
597 2628 867 2675 Lotllaiingac.
