1811 3358
859 214 923 263 84

234 351 419 405 naeiam
467 346 768 391 subditorum
814 362 1033 398 suorum,
1088 361 1194 390 eum
1241 346 1409 390 carolo
1456 346 1577 391 Bur-

238 431 442 494 gundiae
490 429 622 473 Duce
659 443 799 487 agere
850 427 1093 487 incoepit,
1142 426 1202 470 de
1256 413 1580 486 oppignerau-

240 513 314 556 dis
346 508 538 557 Gelrine
575 507 764 552 Ducatu
800 511 849 550 et
900 506 1198 571 Zutphaniae
1246 504 1485 550 Comitatu
1534 504 1585 549 in

242 589 422 653 oppido
457 588 566 633 Divi
601 585 866 631 Andomari
910 587 1004 646 (St.
1058 587 1232 645 Omer)
1281 592 1336 629 ut
1369 584 1584 645 acceptis

242 670 502 731 nonaginta
554 665 744 711 duobus
792 682 1053 711 aureorum
1100 665 1428 712 Rhenensium
1481 665 1588 709 mil-

241 751 396 800 libus,
430 764 485 793 ac
519 746 662 791 certis
709 745 912 790 retentis
963 745 1204 790 reditibus
1254 746 1423 790 annuis
1465 746 1590 790 Bur-

243 830 403 890 gundo
459 827 666 872 ditiones
719 842 825 871 suas
887 826 1137 871 Arnoldus
1194 826 1390 872 cederet
1441 825 1590 886 idque

244 911 387 956 titulo
432 925 486 954 ac
524 907 638 967 jure
680 907 1091 968 oppignerationis
1128 906 1207 970 (l).

313 990 460 1034 Initio
506 987 618 1032 anni
654 987 899 1046 sequentis
954 984 1103 1039 1473,
1139 1002 1293 1047 quum
1344 983 1591 1030 Arnoldus

251 1070 356 1115 Dux
392 1085 447 1113 ex
490 1067 598 1111 aula
634 1064 941 1125 Burgundiae
989 1065 1186 1109 domum
1237 1081 1488 1117 reversus,
1538 1080 1594 1109 ae

249 1149 394 1194 rebus
428 1162 538 1192 eum
583 1145 633 1190 in
680 1145 877 1190 modum
910 1153 965 1191 ut
995 1153 1067 1191 est
1107 1153 1449 1198 memoratum,
1485 1152 1595 1190 cum'

248 1227 383 1273 Duce
418 1224 634 1285 ejusdem
697 1224 1033 1286 Burgundiae,
1083 1226 1441 1287 consanguinee
1482 1241 1595 1276 suo,

251 1305 624 1367 compositisque
668 1306 988 1366 statutisque,
1041 1305 1154 1350 dum
1198 1305 1465 1366 ingentium
1516 1321 1596 1350 ea-

254 1404 361 1432 rum
402 1387 702 1432 malitionum
751 1386 1057 1447 exspectabat
1104 1386 1297 1430 exordia
1348 1392 1599 1430 eventum-

254 1483 376 1527 qne,
412 1467 490 1511 die
525 1465 586 1512 23
621 1466 873 1511 Februarii
902 1482 930 1510 e
973 1467 1068 1510 vita
1100 1465 1298 1510 excessit
1333 1464 1383 1508 in
1418 1463 1599 1525 oppido

256 1547 490 1603 Graviae3
542 1554 711 1606 estque
747 1546 796 1591 in
837 1545 1004 1591 eadem
1044 1546 1166 1591 urbe
1202 1544 1410 1592 Graviae
1455 1544 1601 1589 sunus

260 1626 365 1685 ejus
397 1625 874 1670 honorificentissime
904 1624 1199 1670 celebratum
1230 1624 1280 1669 in
1307 1623 1426 1669 aede
1451 1624 1602 1669 Divae

260 1704 564 1750 Elisabeth-ae
605 1719 767 1762 sacra3
823 1720 906 1749 eor
937 1703 1043 1763 ejus
1076 1704 1463 1765 Sylvam-Ducis
1498 1705 1603 1765 ipso

259 1784 453 1830 volente
489 1783 798 1843 deportatum
831 1798 886 1826 ae
927 1781 1162 1826 coenobio
1205 1782 1434 1843 quodam,
1474 1783 1608 1844 quod

263 1864 333 1910 ihi
361 1871 466 1910 erat
501 1863 684 1908 ordinis
717 1863 761 1907 S.
793 1862 1054 1910 Gertrudis
1083 1863 1295 1921 illatum3
1333 1862 1610 1924 ibidemque

264 1954 426 1990 terrae
474 1943 752 1989 mandatum
804 1950 889 1988 est.
970 1943 1062 1988 llic
1128 1942 1256 1987 vitae
1305 1942 1610 2004 satorumque

265 2024 475 2071 Arnoldi
524 2024 669 2069 Ducis
705 2022 814 2067 finis
856 2022 975 2076 suit,
1012 2023 1276 2084 principis,
1326 2024 1461 2085 quod
1508 2025 1612 2085 ejus

268 2105 488 2165 superius
544 2111 650 2149 acta
704 2103 1061 2155 demonstrant,
1110 2104 1480 2151 moderatissimi
1527 2107 1617 2151 mi-

269 2185 550 2246 tissimique.
649 2184 844 2246 Quique
919 2183 1303 2230 adversariorum
1383 2187 1631 2247 perfidiae

269 2267 425 2326 iisque
487 2265 644 2326 ipsum
706 2264 1142 2311 machinationibus
1194 2283 1249 2312 ae
1302 2268 1615 2328 malignitati,

271 2362 397 2406 quae
433 2351 733 2406 opponeret,
767 2342 864 2388 duo
907 2345 1170 2407 praecipue
1214 2347 1409 2399 habuit,
1461 2348 1617 2409 pieta-

346 2530 421 2580 (1)
445 2530 591 2566 Literas
629 2528 739 2579 liujus
774 2531 825 2565 rei
865 2530 946 2567 vide
990 2531 1093 2580 apud
1137 2533 1351 2571 Pomanus„
1394 2548 1482 2584 pag,
1526 2538 1597 2572 542

299 2605 333 2632 et
366 2610 474 2645 seqq.
504 2608 623 2643 usq-ie
657 2596 702 2630 ad
737 2597 824 2641 5²19.
