1811 3358
883 262 935 307 11

248 407 387 443 num,
425 392 538 452 quia
569 391 685 436 haec
732 406 826 435 non
863 400 1044 437 tantum
1080 410 1268 438 cursum
1303 411 1438 440 suum
1472 412 1573 441 mu-

248 473 410 517 tabant
453 472 646 531 singulis
682 472 878 523 seculis,
924 473 1006 517 sed
1054 474 1310 533 aliquando
1354 477 1570 535 quolibet

246 567 383 596 anno.
453 550 602 610 Regio
657 557 758 594 erat
823 551 1044 610 palustris
1101 553 1286 613 saepius
1342 554 1568 600 inundata

244 631 545 687 ssuminibus3
583 646 678 675 non
728 632 1038 692 incongruum
1074 634 1216 694 igitur
1249 632 1438 678 videtur
1480 635 1571 678 ssu-

240 712 419 754 minum
462 712 619 755 alveos
671 720 874 756 mutatos
916 713 1086 765 fuisse,
1135 720 1389 772 antequam
1437 714 1569 758 cohi-

239 790 468 835 berentur
498 790 746 851 aggeribus
780 807 1042 851 eorumque
1061 793 1363 838 munimentis
1388 793 1565 854 (dijken

240 886 299 914 en
335 870 595 931 kribben),
631 887 739 915 nam
787 882 896 916 anie
932 871 1139 916 medium
1188 873 1396 917 seculum
1429 874 1566 919 ΧΙΠ.

242 967 433 1009 aggeres
483 959 619 996 erant
667 951 920 1011 incogniti3
954 959 1001 995 et
1036 952 1276 1013 principes
1309 954 1565 1012 posteriori

239 1039 452 1092 tempore
500 1032 588 1076 hac
624 1048 679 1076 ex
722 1048 772 1075 re
821 1031 1072 1091 pecuniam
1125 1048 1254 1076 suain
1304 1042 1565 1086 auxerunt,

239 1113 370 1170 quod
406 1119 538 1171 patet
582 1127 636 1154 ex
667 1111 868 1170 epistola
903 1111 1108 1170 aggerali
1141 1112 1420 1173 (dijkbrief)
1452 1114 1564 1160 Rei-

236 1189 365 1233 naldi
407 1190 465 1234 de
515 1189 691 1235 Gelder
738 1190 849 1233 anni
900 1189 1047 1241 1316,
1083 1191 1169 1249 qui
1199 1192 1413 1237 vendidit
1445 1209 1565 1238 non-

237 1271 379 1314 nullis
413 1271 573 1329 pagis,
610 1284 828 1328 aggerem
867 1277 914 1313 et
950 1285 1101 1329 aquae
1137 1269 1332 1315 ductum
1366 1271 1416 1315 in
1450 1288 1561 1333 agro

242 1348 435 1392 Thielae
483 1348 735 1392 interamni
789 1348 1158 1409 (Tielerweert)
1191 1349 1271 1411 (l).

306 1425 639 1485 Spectantibus
686 1425 835 1484 ipsam
867 1427 1107 1486 regionem
1141 1435 1190 1472 et
1228 1428 1447 1474 Rhenum
1493 1431 1564 1476 vi-

237 1504 380 1549 detur
428 1504 564 1549 valde
598 1519 698 1549 esse
747 1505 1025 1558 verisimile,
1084 1506 1174 1551 hoc
1220 1507 1397 1553 flumen
1442 1511 1564 1554 anti-

236 1585 397 1644 quiori
434 1591 676 1643 tempore,
712 1601 903 1628 cursum
934 1602 1068 1629 suum
1114 1587 1264 1630 multo
1306 1589 1450 1648 magis
1479 1589 1561 1634 ha-

234 1667 389 1711 buisse
427 1682 587 1710 versus
617 1673 802 1726 pai-tem
837 1667 1206 1721 occidentalem,
1229 1683 1371 1727 quain
1402 1668 1557 1712 hodie.

234 1748 364 1790 Haec
413 1762 486 1789 res
554 1747 783 1791 iliustrari
847 1748 1038 1792 videtur
1094 1764 1229 1809 posse
1296 1764 1351 1793 ex
1408 1749 1556 1793 histo-

236 1826 306 1869 ria
369 1825 533 1875 Jotac,
602 1839 725 1884 quae
788 1824 920 1870 dedit
996 1843 1119 1871 anno
1191 1826 1281 1873 891
1350 1830 1557 1872 nonnul-

233 1906 279 1950 la
344 1904 469 1949 bona
533 1906 817 1949 monasterio
878 1905 1222 1958 Laureshamo,
1283 1914 1332 1951 et
1398 1915 1556 1952 tamen

233 1985 367 2030 fuere
409 1985 638 2029 nonnulla
691 2001 884 2037 eorum,
930 2003 1053 2046 quae
1104 1987 1247 2031 hodie
1301 1986 1360 2031 ad
1404 1988 1557 2048 ripam

232 2065 480 2109 ninistrai'n
505 2065 659 2109 Rheni
680 2100 689 2116 ,
724 2066 773 2109 in
802 2066 994 2126 regione
1013 2102 1023 2118 ,
1045 2066 1225 2111 Duffelt
1256 2066 1408 2120 dicta,
1446 2076 1554 2111 sunt

233 2144 349 2195 sita,
403 2152 616 2205 tempore
663 2145 798 2189 Jotae
843 2147 892 2189 in
938 2163 1058 2207 pago
1106 2147 1257 2192 Batua
1312 2155 1360 2192 et
1408 2148 1554 2208 igitur

234 2223 293 2267 ad
341 2223 491 2283 ripam
539 2223 749 2268 dextram
786 2224 943 2269 Rheni
986 2226 1087 2269 sita.

293 2302 449 2346 Etiam
508 2302 700 2346 videtur
747 2302 922 2346 flumen
984 2311 1124 2348 antea
1175 2320 1363 2351 cursum
1417 2325 1551 2352 suum

231 2382 470 2434 habuisse,
500 2383 637 2442 juxta
668 2382 963 2427 Smithuizen
996 2384 1046 2427 in
1080 2384 1173 2429 fine
1213 2388 1360 2431 seculi
1407 2388 1548 2440 XIII,

230 2469 394 2520 postea
452 2469 654 2507 mutasse
706 2469 754 2506 et
787 2463 1166 2522 praeterfluxisse
1218 2465 1550 2517 Eminericain,

304 2617 371 2664 (1)
399 2619 485 2658 Vid.
517 2619 634 2657 Arch.
664 2620 996 2667 WVaarilenburgii.
