1811 3358
924 264 1015 310 128

315 408 499 446 sentum
531 399 657 443 intra
679 397 804 441 diem
842 396 991 440 sancti
1020 393 1264 438 Michaelis
1292 395 1502 455 proxime
1537 414 1648 441 vcn-

313 488 498 531 turum,
550 479 600 522 in
656 475 871 520 manibus
924 473 1305 520 reverendissimi
1353 475 1403 519 in
1459 475 1644 522 Christo

309 558 488 619 patris,
527 557 706 601 domini
742 556 939 617 Georgii
981 563 1170 601 sanctae
1204 556 1434 601 ecclesiae
1475 557 1646 603 Roma-

308 655 428 690 nae,
461 637 591 683 tituli
635 645 825 682 sanctae
858 636 1035 682 Luciae
1071 636 1122 680 in
1167 635 1329 681 Sicilia
1365 636 1645 688 Cardinalis,

309 718 451 764 amici
497 716 650 762 nostri
693 715 933 761 carissimi.
1002 715 1177 774 Itaque
1211 714 1337 758 serio
1374 722 1423 760 et
1460 714 1649 760 distric-

308 806 356 844 te
391 798 666 844 mandamus
712 797 929 841 omnibus
959 796 1186 857 praelatis
1206 831 1217 847 ,
1250 795 1526 849 comitibus,
1564 796 1649 842 ba-

311 877 530 930 ronibus,
561 877 830 938 equitibus,
866 876 1134 928 nobilibus,
1179 875 1372 936 oppidis
1410 884 1459 921 et
1508 877 1650 922 terri-

313 959 473 1010 toriis,
510 958 724 1008 vasallis,
766 955 1079 1008 officialibus,
1131 955 1513 1016 magistratibus,
1561 972 1649 1017 gu-

308 1035 665 1087 bernatoribus,
716 1034 959 1086 conciliis,
1008 1034 1304 1093 justitiariis,
1355 1035 1650 1086 castellanis,

309 1117 517 1169 civibus,
568 1111 1010 1163 communitatibus,
1056 1111 1409 1157 habitatoribus
1443 1120 1492 1157 et
1539 1112 1649 1157 sub-

309 1197 443 1249 ditis,
480 1196 809 1255 cujuscunque
846 1193 1090 1253 dignitatis
1111 1228 1121 1244 ,
1159 1201 1308 1237 status
1339 1200 1422 1237 aut
1447 1193 1652 1253 qualita-

311 1278 371 1322 tis
403 1277 611 1327 suerint,
666 1282 720 1319 ut
767 1274 985 1334 praelato
1017 1273 1117 1317 filio
1167 1280 1331 1317 nostro
1384 1274 1650 1318 Archiduci

308 1358 533 1404 Austriae
564 1355 879 1401 Maximiliano
898 1389 907 1406 ,
948 1349 1174 1413 tanquam
1226 1353 1419 1398 domino
1451 1369 1535 1398 suo
1567 1370 1650 1398 na-

308 1440 482 1491 turali,
515 1438 735 1483 similiter
765 1445 814 1482 et
844 1436 1088 1497 praefatae
1124 1435 1342 1479 dominae
1380 1434 1556 1478 Mariae
1592 1431 1649 1477 fi-

307 1522 400 1567 liae
448 1528 639 1565 nostrae
685 1519 983 1569 carissimae,
1017 1517 1164 1578 ipsius
1209 1514 1428 1576 conjugi,
1461 1529 1653 1560 eorum-

308 1617 403 1661 que
447 1598 706 1645 heredibus
738 1614 793 1642 ex
828 1598 941 1657 ipsis
975 1597 1267 1656 procreatis,
1322 1594 1486 1638 fideles
1529 1595 1648 1640 exis-

310 1687 414 1724 tant
450 1686 499 1723 et
533 1675 837 1727 obedientes,
890 1674 1214 1736 permittendo
1274 1674 1400 1734 ipsos
1447 1674 1647 1734 pacifice

306 1759 381 1803 uti
431 1774 485 1802 ac
534 1757 629 1802 frui
679 1755 906 1816 praefatis
958 1755 1235 1815 principatu
1289 1761 1338 1798 et
1385 1755 1644 1807 comitatu,

306 1837 660 1899 Regalibusque
703 1852 757 1880 ac
805 1835 1073 1880 feudalibus
1121 1834 1384 1880 eorundem
1426 1833 1645 1895 nihilque

305 1919 498 1982 penitus
529 1914 810 1962 attentando
841 1917 889 1959 in
921 1916 1218 1961 contrarium
1249 1932 1338 1976 per
1367 1930 1645 1974 quemcum-

308 2017 430 2061 que,
464 2005 547 2043 aut
597 1996 768 2056 quovis
819 1995 1010 2040 tandem
1057 1995 1224 2047 modo,
1268 2004 1505 2055 quatenus
1556 1996 1648 2056 ipsi

308 2086 356 2123 ct
391 2092 559 2123 eorum
608 2076 816 2137 quilibet
865 2092 1054 2137 gravem
1088 2084 1299 2121 nostram
1335 2084 1384 2121 et
1413 2076 1530 2121 dicti
1574 2091 1646 2120 sa-

309 2160 378 2203 cri
410 2158 609 2218 Imperii
661 2158 1063 2218 indignationem,
1114 2165 1163 2201 ct
1217 2157 1517 2218 punitionem
1564 2172 1647 2200 cu—

307 2240 449 2300 piunt
516 2238 711 2281 evitare.
802 2237 982 2281 Harum
1033 2237 1280 2282 literarum
1342 2237 1642 2288 testimonio,

308 2319 461 2379 sigillo
492 2323 654 2360 nostro
689 2317 963 2377 Imperialia
995 2317 1298 2377 appendente
1339 2318 1643 2362 munitarum.

310 2399 486 2443 Datum
522 2397 571 2441 in
619 2397 764 2442 Gretz
816 2397 999 2441 decima
1047 2413 1171 2442 nona
1222 2396 1299 2441 die
1348 2396 1547 2447 Mensis,
1578 2395 1646 2440 Α-

311 2479 475 2538 prilis,
534 2492 655 2520 mmo
730 2475 789 2520 ab
850 2477 1177 2520 incarnatione
1239 2475 1418 2519 domini
1467 2475 1642 2525 nostri,

310 2556 762 2601 MCCCCLXXVIII.
800 2556 1074 2615 Regnorum
1111 2563 1411 2606 nostrorum,
1444 2554 1645 2599 Romani

312 2639 489 2683 seilicet
539 2638 742 2683 xxxix.
784 2636 982 2696 Imperii
1026 2636 1219 2683 XXVII.
1272 2644 1319 2681 et
1371 2635 1641 2695 Hungariac
