1811 3358
573 615 802 662 CAPUT
856 613 1254 661 SECUNDUM.

515 768 585 796 DE
650 764 931 794 DUCIBUS
999 764 1298 794 GELRIAE,

861 929 952 938 -—-

252 1043 329 1127 In
364 1081 525 1142 priore
567 1080 732 1142 Capite
765 1081 942 1139 egimus
973 1079 1032 1124 de
1065 1079 1326 1125 Comitibus
1362 1078 1578 1131 Gelriae,

250 1171 300 1209 ct
354 1163 419 1207 sie
475 1162 619 1206 etiam
674 1161 734 1205 de
784 1158 1014 1220 regimine
1064 1158 1128 1218 (l)
1177 1158 1397 1203 Reinaldi
1441 1159 1581 1202 titulo

251 1242 477 1292 Comitis,
539 1241 637 1285 sive
685 1239 745 1284 ab
787 1254 912 1284 anno
950 1237 1076 1285 1326
1115 1254 1269 1298 usque
1313 1236 1372 1281 ad
1407 1251 1583 1281 annum

251 1319 390 1367 1339.
458 1319 519 1364 In
558 1318 649 1364 hoc
692 1317 857 1379 Capite
893 1331 1082 1377 agemus
1125 1315 1185 1360 de
1221 1315 1432 1361 Ducibus
1469 1315 1584 1363 Gel-

252 1399 352 1443 riae
400 1404 449 1442 et
496 1397 688 1441 initium
738 1396 964 1442 faciemus
1004 1410 1032 1439 a
1073 1394 1321 1440 Reinaldo.

318 1477 461 1522 Anno
510 1491 682 1537 nempe
729 1473 854 1521 1339
895 1473 973 1518 die
1015 1472 1076 1518 19
1114 1474 1272 1518 Martii
1324 1475 1585 1522 Reinaldus

252 1557 359 1601 Dux
402 1556 554 1601 faetus
588 1563 659 1601 est
699 1561 748 1598 et
788 1552 952 1599 Gelria
989 1568 1161 1597 nomen
1205 1554 1415 1599 Ducatus
1450 1572 1585 1601 acee-

251 1635 324 1697 pit
381 1635 553 1696 (Pater
601 1633 704 1693 ejus
739 1632 840 1692 jam
890 1639 1141 1693 acceperat
1186 1648 1359 1678 nomen
1406 1634 1580 1687 Ducis,

253 1716 337 1761 sed
368 1714 560 1762 Gelriae
595 1720 833 1758 manserat
867 1712 1162 1773 Comitatus)
1198 1712 1257 1757 ab
1292 1713 1585 1774 imperatore

253 1793 497 1839 Ludovico
541 1793 753 1845 Bavaro‚
803 1793 1059 1838 Praesente
1101 1792 1325 1837 Eduardo
1373 1794 1461 1853 qui
1494 1794 1589 1839 hoe

253 1880 469 1935 tempore
499 1880 603 1918 erat
636 1871 937 1918 Francofurti
968 1872 1047 1933 (2).
1115 1872 1179 1918 Ut
1213 1871 1303 1916 hoe
1337 1871 1443 1917 fieri
1473 1888 1589 1934 pos-A

326 2017 389 2064 (1)
438 2019 494 2054 De
538 2018 687 2053 Ducatu
726 2018 839 2054 etiam
891 2016 1027 2053 dicitur
1069 2029 1242 2063 regnum.
1316 2017 1395 2052 Hac
1439 2016 1483 2052 de
1528 2030 1573 2053 re

272 2082 348 2118 vid.
383 2081 433 2118 G.
474 2095 547 2119 van
576 2081 727 2118 Hasselt
769 2082 811 2117 in
848 2095 915 2130 op.
959 2081 1026 2117 het
1069 2080 1339 2129 Hel-tog-Ryk
1380 2093 1453 2116 van
1492 2081 1567 2117 den

270 2145 411 2192 Hertog
437 2157 509 2180 van
523 2145 639 2181 Gelre
669 2159 717 2181 en
740 2147 814 2191 zijn
839 2146 990 2191 Tmou,
1016 2144 1224 2194 Schepter‚
1250 2158 1298 2180 en
1323 2147 1397 2192 zijn
1420 2146 1572 2184 Kroon.

326 2210 389 2256 (2)
418 2210 602 2245 Nonnulli
631 2212 837 2260 scriptores
857 2209 1009 2259 Anglici
1029 2209 1180 2255 dicunt,
1208 2209 1457 2256 Reinaldum,
1487 2214 1568 2248 Du-¹

265 2285 354 2307 -cem
389 2274 528 2309 iactum
562 2287 641 2310 esse
677 2275 724 2309 ab
760 2275 937 2311 Eduardo
973 2273 1083 2310 titulo
1114 2274 1258 2311 Vicarii
1290 2275 1467 2322 Imperii,
1507 2276 1568 2309 in-

275 2345 328 2372 'ter
354 2350 446 2386 (1¹:1³5
479 2340 587 2373 ctiam
620 2343 752 2385 Raln'n
787 2344 955 2387 Troyras
986 2341 1062 2376 III.
1087 2341 1172 2387 174.
1227 2339 1301 2375 Sed
1323 2341 1444 2374 miuus
1466 2349 1567 2375 recte

275 2416 360 2435 nam
403 2402 563 2449 ‘epistola
599 2401 816 2437 authentica
851 2409 992 2448 exstat,
1042 2409 1078 2438 et
1115 2401 1224 2450 copia
1266 2404 1343 2449 ejus
1377 2412 1432 2439 cst
1464 2406 1567 2454 apud

276 2480 346 2501 mn
379 2469 504 2515 Spaen
536 2467 590 2502 Π.
629 2468 721 2502 ΟΜΖ.
751 2469 866 2512 Dipl.
901 2467 965 2501 42.
999 2465 1038 2500 in
1076 2478 1147 2514 qua
1180 2465 1291 2499 etium
1329 2469 1567 2504 nominantur

280 2529 350 2563 alia
386 2530 582 2566 beneficia.
649 2531 798 2565 Praeter
835 2529 906 2565 alia
944 2531 1088 2578 accepit
1125 2542 1300 2578 munera,
1345 2533 1562 2579 Urossaxwli,

284 2594 507 2639 jvzn-„acallss
548 2596 751 2632 Canum-„arii
782 2602 817 2631 ct
851 2594 1072 2645 l'iucernac,
