1811 3358
867 245 959 291 130

265 380 499 427 ficiat-ium
551 378 716 423 eodeni
759 377 948 420 Ducatu
994 390 1046 417 ac
1086 370 1331 419 'comitatu
1387 376 1613 422 investito

266 467 546 518 ornatoque.
615 455 879 501 Deficiente
929 469 1043 498 vero
1088 453 1302 522 legitima
1347 457 1607 516 utriusque

271 553 404 582 sexus
466 538 613 596 stirpe
667 533 881 581 Gelriam
934 550 988 578 ac
1047 534 1366 595 Zutphaniam
1427 535 1616 581 Caesari

270 625 351 662 aut
398 615 620 676 legitimis
661 614 791 673 ejus,
836 622 889 658 ut
926 613 1214 659 Brabantiae
1251 615 1394 660 Ducis
1431 631 1485 661 ac
1524 614 1615 660 Co-

272 697 400 741 mitis
426 695 708 741 Hollandiae
742 695 1031 740 haeredibus
1065 695 1170 739 Dux
1208 695 1485 756 relinquito.
1526 695 1620 741 De-

270 778 380 822 latis
437 793 552 821 vero
617 792 728 821 eum
776 777 825 820 in
889 775 1109 827 modum,
1162 783 1217 821 ut
1267 784 1340 820 est
1389 792 1624 822 memora-

278 864 397 908 tum,
446 856 506 902 ad
548 856 815 907 Caesarem,
867 863 922 899 ut
967 856 1147 900 Ducem
1192 855 1511 908 Brabuntiae,
1561 871 1616 901 ac

268 938 506 982 Comitem
558 936 872 986 Ilollandiae,
927 936 1138 980 lineatus
1189 934 1380 982 Geiriae
1434 953 1488 982 ac
1535 937 1623 982 Co-

278 1017 473 1060 mitatus
518 1014 816 1075 Zutphaniae
865 1014 1183 1067 districtibus,
1236 1023 1291 1059 ut
1340 1025 1388 1061 et
1429 1018 1623 1063 civitate

279 1100 525 1160 (ironinga
557 1114 665 1142 cum
710 1096 993 1149 Omlandiis,
1043 1113 1099 1141 ae
1130 1096 1252 1141 urbe
1289 1112 1496 1157 areeque
1533 1097 1622 1142 Co-

277 1179 472 1224 van-diae
526 1196 581 1224 ac
644 1179 963 1225 Penhemensi
1030 1179 1354 1239 T1·entiaeque
1411 1178 1626 1231 ditione.

278 1259 449 1306 Caesar
511 1259 716 1305 vicissim
764 1275 850 1303 suo
899 1274 954 1303 ac
1007 1258 1269 1303 haeredum
1329 1260 1512 1304 Ducem
1569 1274 1625 1304 ac

280 1339 586 1384 Ducis-sarum
632 1339 919 1385 Brabantiae
961 1340 1295 1399 Comitumque
1340 1339 1623 1385 Hollandiae

271 1421 499 1472 -noznine,
551 1427 683 1465 certo
732 1420 991 1480 pollicetur
1044 1419 1303 1464 baronibus
1356 1419 1626 1479 Ordinique

281 1502 498 1562 equestri
539 1515 593 1544 ae
639 1495 914 1544 civitatibus
958 1499 1170 1544 Ducatus
1217 1498 1410 1545 Geli-iae
1451 1515 1506 1543 ac
1541 1499 1629 1543 Co-

281 1584 482 1644 mitptus
539 1578 838 1639 Zutphaniae
891 1579 1072 1638 magnis
1125 1579 1515 1637 minoribusque,
1576 1585 1630 1621 ut

283 1671 331 1708 et
366 1663 475 1707 urbi
522 1662 796 1722 Groningae
833 1669 883 1706 et
927 1661 1210 1712 Omlauffiis,
1265 1661 1627 1719 Coverdiaeque

286 1761 342 1790 ac
394 1743 713 1790 Penhemensi
760 1741 1003 1802 praesidio
1071 1743 1353 1802 cunctisque
1406 1741 1629 1785 'hemme

283 1825 477 1880 ineolis3
546 1841 594 1869 se
656 1824 869 1885 ipsorum
933 1821 1213 1883 privilegia,
1280 1822 1629 1873 imnmnitates‚

285 1905 658 1951 eonsuetudines
694 1921 748 1950 ae
768 1903 1156 1964 jurisdictiones,
1211 1919 1335 1963 quae
1367 1919 1448 1946 seu
1483 1903 1631 1946 elien-

287 1988 431 2034 telas.
486 1985 754 2037 territoria,
790 1985 1036 2037 civitates,
1071 2000 1206 2044 agros
1245 2000 1452 2044 aquas-ve
1495 1998 1630 2041 spec-

288 2073 416 2117 tent,
470 2064 586 2125 ipsis
638 2064 751 2109 olim
808 2063 868 2108 ab
934 2062 1345 2124 Imperatoribus,
1410 2062 1628 2123 regibus,

289 2144 618 2206 principibus,
671 2145 874 2205 ipsoque
918 2158 1048 2188 nunc
1083 2140 1275 2190 Gelriae
1311 2142 1443 2187 Duce
1488 2141 1633 2188 Caro-

291 2225 362 2275 lo,
413 2223 600 2268 indulta
653 2222 1068 2283 indulgendaque‚
1119 2239 1167 2268 se
1208 2239 1262 2268 ea
1314 2221 1471 2266 omnia
1506 2229 1633 2266 sarta

295 2312 451 2356 tecta,
500 2303 783 2362 illibataque
848 2302 1151 2354 habiturum,
1213 2303 1424 2363 ipsisque
1476 2300 1635 2344 firma-

295 2395 471 2432 furum.
525 2384 604 2430 Ad
637 2384 756 2429 hacc
792 2385 856 2436 si,
906 2391 1098 2428 mortuo
1133 2384 1291 2434 Duce,
1342 2380 1496 2426 relicti
1530 2379 1633 2424 sue-

297 2470 396 2514 rint
452 2483 508 2513 ex
558 2464 771 2526 legitimo
821 2463 970 2523 ipsius
1030 2462 1332 2506 matrimonio
1394 2460 1637 2520 procreati

299 2549 378 2593 vel
418 2562 573 2591 mares
617 2545 694 2589 vel
728 2543 999 2593 romeliae,
1051 2556 1174 2584 unus
1214 2542 1498 2601 pluresque,
1535 2540 1638 2585 veri

298 2628 529 2675 haeredes
571 2642 625 2671 ae
661 2639 954 2670 successores
991 2623 1201 2668 Ducatus
1239 2623 1429 2670 (joh-iae
1467 2629 1513 2667 et
1546 2620 1635 2666 Co-
