1811 3358
841 196 900 242 16

203 337 251 375 et
301 328 384 374 Jus
435 326 723 371 Canonicum
785 328 1124 386 conjunctum,
1173 325 1435 370 docebatur
1487 327 1536 370 in

204 406 455 454 academiis
505 404 639 464 quod
684 412 835 465 patet
862 421 917 449 ex
961 405 1162 466 epistola
1211 420 1306 464 qua
1349 405 1541 450 vendita

203 493 314 531 sunt
359 485 590 529 nonnulla
651 483 776 530 bona
844 501 967 529 anno
1019 484 1143 531 1256
1194 486 1356 530 comiti
1402 485 1542 531 Otto-

202 567 254 611 ni
289 565 368 628 (l).

269 646 478 692 Crimina
540 646 723 690 minora
790 643 1117 705 puniebantur
1192 645 1424 706 pecunia,
1492 652 1541 690 et

205 726 384 770 mulcta
435 725 636 770 cedebat
669 725 854 770 aerario
897 725 1096 769 comitis.

271 806 341 851 De
389 804 645 850 homicidio
686 804 829 848 etiam
876 809 1101 863 poterant
1149 803 1438 864 transigere,
1490 811 1540 849 et

207 887 413 947 pecunia
447 887 536 931 hae
568 885 628 931 de
664 902 715 930 re
752 885 927 936 soluta,
960 883 1264 929 dividebatur
1307 885 1434 929 inter
1462 900 1541 928 co-

207 966 369 1011 mitem
417 975 466 1013 ot
500 966 872 1025 consanguineos
925 965 1081 1009 occisi.

271 1046 433 1092 Poena
469 1047 713 1107 capitalis,
750 1046 825 1090 vel
872 1045 1135 1105 amputatio
1201 1045 1541 1089 nonnullorum

209 1126 554 1179 membrorum,
591 1127 749 1171 locum
781 1125 988 1170 habehat
1024 1125 1062 1169 si
1096 1125 1280 1170 solvere
1320 1140 1418 1169 non
1455 1140 1543 1185 po-

210 1213 382 1250 terant.
450 1207 650 1253 Tributa
685 1221 782 1250 non
818 1204 1108 1265 cogebantur
1159 1203 1356 1249 solvere.
1407 1204 1540 1264 Quae

213 1284 395 1329 tributa
436 1287 750 1331 innotuerunt
797 1284 965 1329 seculis
1000 1282 1309 1344 sequentihus
1350 1284 1540 1329 nomine

212 1362 398 1423 belgico
442 1365 597 1409 boden.

275 1443 495 1503 Denique
539 1444 792 1489 dicendum
836 1451 907 1489 est
956 1443 1015 1488 de
1066 1457 1281 1487 sermone
1326 1441 1411 1502 qui
1459 1439 1544 1486 ad-

212 1522 470 1568 hibebatur
518 1523 653 1569 verbi'
697 1525 847 1584 gratia
877 1524 926 1567 in
969 1523 1205 1582 epistolis;
1242 1522 1321 1565 hic
1354 1537 1541 1581 semper

211 1610 315 1647 erat
373 1620 525 1647 sermo
571 1604 794 1660 Latinus;
847 1604 1001 1664 prima
1069 1602 1271 1662 epistola
1325 1617 1541 1648 sermone

214 1682 431 1743 Belgico,
467 1691 538 1728 cst
589 1683 811 1729 Reinaldi
846 1685 900 1736 I,
935 1684 1046 1728 anni
1084 1682 1218 1729 1287.

281 1856 351 1901 (1)
377 1854 578 1894 Chartorb.
607 1857 640 1894 I.
670 1869 760 1906 pag.
789 1860 884 1902 316,
914 1859 1012 1904 564,
1046 1858 1144 1904 498,
1183 1857 1274 1896 514.
