1811 3358
867 188 928 236 32

220 326 302 391 ..tri
332 341 456 372 anno
486 318 623 372 1271.
691 319 851 381 Quum
877 317 939 365 ad
962 317 1220 379 imperium
1254 318 1571 379 perveniebat

235 407 391 451 minor
421 403 577 450 adhuc
609 407 735 452 erat,
754 415 864 445 nam
897 399 975 444 die
1002 397 1065 445 30
1087 398 1271 460 Aprilis
1296 398 1411 442 anni
1454 399 1568 447 1271

214 472 217 475 X
239 483 538 530 confirmavit
560 480 837 525 libertatem
854 477 1090 524 Arnhemi
1121 476 1184 522 ad
1213 478 1466 539 vectigalia
1484 478 1574 523 Lo-

236 561 339 609 beti
379 560 719 625 percipienda,
765 559 1093 604 consentiente
1128 559 1365 604 avunculo
1400 559 1577 604 Henri-

238 658 295 688 co
339 643 575 706 Episcopo
615 639 895 691 Leodiensi,
934 639 1121 700 Nepote
1166 639 1384 684 Johanne
1439 639 1577 685 Elec-

238 731 345 769 tore
374 721 713 784 Ultrajectensi
748 719 812 782 (1)
848 727 898 765 ct
928 719 1076 780 igitur
1110 718 1304 764 videtur
1351 718 1495 766 fuisse
1517 720 1575 773 *in

239 805 392 850 tutela
439 818 618 849 eorum.
684 801 866 846 Nomen
905 798 1127 845 Reinaldi
1173 807 1244 845 est
1299 815 1477 846 novum
1525 800 1577 844 in

240 885 442 930 historia
475 883 879 941 Gel1·iae‚neque
916 879 1186 924 invenimus
1234 887 1414 926 certam
1466 895 1578 924 cau·-

243 981 340 1010 sam
373 964 518 1024 hujus
551 961 768 1006 nominis.
837 959 932 1004 Res
979 957 1301 1003 memorabilis
1349 965 1580 1019 regnante

243 1061 301 1090 eo
342 1044 434 1089 suit
474 1043 654 1088 bellum
709 1045 913 1100 propter
961 1038 1305 1081 successionem
1369 1038 1581 1083 Ducatus

242 1122 617 1184 Limburgensis‚
664 1119 744 1164 cui
812 1116 956 1161 finem
1004 1115 1209 1161 faciebat
1242 1132 1432 1177 pugna,
1465 1117 1581 1163 Rei-

243 1203 386 1249 naldo
421 1202 584 1248 infelix
605 1237 614 1253 ‚
652 1200 989 1259 Woeringana.

309 1283 570 1331 Reinaldus
612 1297 808 1327 uxorem
850 1280 1050 1325 duxerat
1092 1278 1402 1341 Ermgardam
1436 1277 1583 1322 filiam

243 1365 480 1412 Walrami
545 1362 690 1408 Ducis
742 1359 1095 1419 Limburgensis
1149 1367 1197 1404 et
1232 1360 1424 1409 Juttae,
1460 1358 1584 1402 filiae

246 1445 460 1492 Dideriei
495 1441 736 1488 Clivcnsis.
788 1439 901 1484 Post
935 1446 1138 1483 mortem
1190 1438 1427 1486 VVah-ami
1471 1437 1584 1483 Rei-

243 1525 413 1571 naldus
460 1523 504 1568 ei
547 1519 824 1566 successisse
873 1516 1093 1569 videtur,
1141 1534 1251 1562 nain
1297 1518 1460 1563 multis
1504 1518 1585 1561 lo-

247 1608 314 1652 cis
345 1618 519 1649 nomen
550 1599 674 1661 gerit
704 1597 851 1643 Ducis
883 1594 1263 1656 Limburgensis3
1300 1596 1437 1641 verbi
1480 1613 1586 1657 gra-

247 1688 316 1733 tia
358 1686 408 1730 in
450 1689 592 1745 pacto
640 1678 771 1741 pacis
822 1674 1093 1721 Richardae
1141 1674 1415 1721 Comitissae
1455 1676 1588 1721 Juli-

248 1766 322 1812 aci
383 1780 491 1809 eum
540 1760 661 1807 urbe
726 1754 1106 1817 Aquisgranensi
1179 1762 1454 1801 contractae
1505 1755 1586 1818 (2).

247 1844 345 1891 Sed
395 1841 597 1905 amplius
649 1836 834 1898 aliquid
886 1843 957 1880 est
1020 1833 1277 1880 dicendum
1347 1835 1407 1881 de
1459 1835 1588 1882 bello

247 1924 472 1973 Rcinaldi
519 1928 720 1984 propter
776 1917 1101 1977 Limburgum.
1168 1914 1419 1976 Adolphus
1483 1917 1589 1962 Dux

248 2023 276 2052 a
324 2005 485 2049 Monte
537 2018 636 2047 sese
673 2000 753 2059 jus
797 1998 976 2044 habere
1024 1995 1347 2057 profitebatur
1395 1997 1445 2041 in
1489 1997 1588 2042 Du-

253 2092 412 2131 catum
454 2082 870 2143 hamburgensem,
918 2094 1029 2123 nam
1063 2084 1168 2122 erat
1211 2076 1337 2122 filius
1376 2077 1590 2139 Adolphi

253 2165 416 2211 fratris
460 2162 724 2218 Walrami3
783 2167 832 2206 et
883 2159 934 2204 hi
983 2158 1180 2210 fratres,
1232 2165 1341 2218 post
1388 2167 1590 2203 mortem

255 2245 407 2308 patris
454 2240 678 2292 Henrici,
712 2239 859 2284 Ducis
883 2237 1238 2298 Limburgcnsis
1280 2245 1329 2282 et
1373 2238 1536 2283 Comes
1566 2256 1592 2282 a

258 2327 447 2375 Monte.
494 2322 761 2367 diviserunt
795 2320 920 2365 bona
968 2318 1098 2378 ejus,
1147 2318 1213 2364 ita
1256 2326 1310 2363 ut
1340 2317 1592 2378 Adolphus

331 2458 394 2503 (1)
436 2457 630 2492 Pomanus
657 2464 745 2501 pag.
781 2451 845 2486 154
875 2456 911 2484 et
944 2451 1026 2484 184.

331 2521 394 2567 (2)
433 2519 525 2557 Vid.
562 2518 718 2554 Kremer
751 2513 867 2550 Acml.
899 2514 1012 2548 Beitr.
1050 2514 1158 2552 Toni.
1186 2515 1259 2549 ΙΙΙ.
1294 2527 1380 2562 Γῆς,
1405 2517 1474 2560 55,
1510 2517 1574 2561 ¹⁶7

282 2598 360 2633 seq.
397 2591 432 2619 et
466 2582 611 2620 Clu-011.
647 2579 780 2618 Colon.
814 2578 878 2615 sol.
914 2581 999 2623 259.
