1811 3358
901 257 964 304 88

266 398 508 438 annuente
555 390 726 441 Maria,
789 387 888 432 filia
932 387 1118 437 Caroli,
1172 386 1402 431 liberatus
1455 398 1525 435 est
1575 410 1601 437 e

270 487 465 521 carcere
507 478 557 516 et
600 469 749 529 copiis
797 484 916 528 quas
956 484 1052 512 una
1096 483 1203 512 cum
1250 467 1391 512 sociis
1434 467 1603 513 adver-

268 551 722 601 susTornacenses
770 547 1101 599 adducebant,
1162 546 1448 607 praefectus.
1513 549 1604 596 llle

266 649 296 680 e
344 647 537 678 carcere
600 630 796 675 emissus
864 629 1101 689 extemplo
1151 645 1241 689 per
1308 628 1482 673 amicos
1534 629 1605 674 rei

268 712 413 773 hujus
477 709 708 756 certiores
773 708 888 754 fecit
952 707 1145 756 Gelriae
1206 723 1460 769 proceres,
1525 724 1606 754 eos

266 795 443 858 iterum
474 791 696 851 serioque
728 804 1051 840 commonens,
1087 796 1161 841 ut,
1196 805 1244 834 se
1280 788 1496 840 absente,
1525 805 1601 833 so·

268 888 424 921 rorem
469 886 599 916 suam
642 869 972 918 Caffiarinam,
1021 866 1135 911 dum
1183 868 1284 927 ipse
1335 868 1413 911 vel
1455 867 1603 912 liberi·

268 953 343 997 sui
377 952 546 1013 patriis
582 949 905 994 redderentur
939 947 1139 999 laribus,
1180 947 1415 1000 colerent,
1459 947 1604 1007 eique

266 1031 397 1075 dicto
440 1030 689 1075 audientes
725 1035 895 1079 essent.
962 1027 1105 1072 Anno
1150 1035 1311 1072 autem
1345 1028 1493 1072 hocce
1523 1026 1606 1073 die

266 1108 330 1155 22
362 1108 493 1154 Junii
528 1123 691 1153 caesus
735 1114 807 1153 cst
853 1105 982 1167 apud
1030 1106 1324 1159 Tomacum,
1370 1122 1495 1152 anno
1526 1121 1609 1152 ae«

269 1190 380 1237 tatis
427 1187 518 1241 39,
551 1186 756 1232 Tornaci
791 1185 1019 1246 sepultus.

332 1268 560 1329 Adolpho
610 1266 758 1327 igitur
812 1273 1032 1318 mortuO,
1082 1264 1340 1310 Catharina
1389 1263 1606 1325 Adolphi

267 1366 428 1401 soror,
480 1365 507 1393 a
560 1345 751 1393 Gclriae
808 1345 1114 1407 proceribus,
1174 1344 1402 1406 Adolpho
1461 1346 1606 1391 etiam

266 1439 477 1492 extrema
509 1428 786 1478 voluntate,
824 1435 876 1470 ut
907 1426 1133 1479 diximus,
1170 1427 1394 1487 cupiente
1430 1423 1492 1468 ad
1526 1439 1603 1467 rc-

266 1525 373 1555 rum
399 1508 859 1554 administrationem
885 1507 1110 1560 admissa,
1146 1514 1256 1552 ante
1283 1505 1440 1550 omnia
1463 1519 1605 1566 prae-

267 1591 420 1636 scetus
467 1606 495 1635 a
542 1589 712 1634 Carolo
756 1588 1016 1648 Burgundo
1064 1588 1346 1633 constitutos
1395 1585 1603 1638 dimisit.

264 1681 411 1732 atque
460 1669 618 1714 omnia
667 1669 857 1713 nomine
908 1669 1065 1714 Caroli
1104 1669 1294 1730 nepotis
1337 1666 1440 1719 sui,
1489 1666 1606 1712 licet

264 1753 347 1797 ille
394 1752 444 1796 in
491 1749 600 1794 aula
643 1748 802 1793 adhuc
845 1747 1153 1809 Burgundica
1187 1754 1461 1800 teneretur,
1492 1749 1604 1808 egit.

261 1833 463 1878 Pactum
510 1828 618 1872 iniit
665 1827 838 1872 deinde
885 1844 992 1872 cum
1025 1844 1135 1889 rege
1183 1828 1475 1873 Francorum
1505 1826 1604 1872 Lu-

259 1912 433 1966 dovico
481 1910 628 1955 X11110.
696 1909 891 1954 Miserat
943 1916 1200 1970 praeterea
1247 1906 1308 1952 ad
1355 1907 1602 1954 Ducissam

261 1990 569 2053 Burgundiae
618 1989 815 2034 Mariam
854 1988 1059 2048 legatos,
1111 1987 1198 2047 qui
1245 1987 1467 2050 Carolum
1516 2003 1602 2033 ne·-

258 2079 425 2134 potem
466 2085 603 2114 suum
649 2076 699 2114 et
737 2074 932 2129 neptem
978 2067 1252 2129 Philippam
1295 2072 1600 2128 repeterent,

263 2160 314 2197 et
342 2150 403 2196 ad
432 2151 558 2195 lares
592 2163 723 2200 suos,
772 2147 901 2192 unde
936 2147 1111 2193 abduci
1142 2163 1223 2193 eos
1256 2148 1454 2194 Carolus
1479 2147 1615 2193 Bur-v

264 2231 450 2292 gundus
491 2231 672 2275 fecerat
710 2230 791 2275 illa
838 2230 1030 2274 volente
1072 2228 1373 2274 reducerent.
1421 2228 1604 2274 Eodem

262 2327 385 2357 anno
420 2308 543 2358 1477
573 2325 733 2354 mense
772 2309 1017 2372 Augusto,
1071 2308 1353 2357 Gandavum
1403 2309 1488 2354 uhi
1518 2324 1601 2352 ve-

261 2392 471 2449 venisset
513 2390 617 2435 Dux
653 2388 879 2436 Austriae
919 2390 1283 2444 Maximfflunus,
1332 2397 1598 2451 praeeunte

263 2471 493 2520 Antistite
543 2471 860 2521 Tornacensi,
897 2471 1093 2515 Mariam
1129 2471 1481 2533 Burgundicam
1509 2469 1598 2516 sibi

261 2568 454 2608 uxorem
505 2551 783 2611 Legitimam
825 2548 960 2594 duxit

329 2620 466 2678 Gclri
513 2632 697 2677 interca
743 2630 972 2693 propiore
1007 2648 1130 2679 nexu
1178 2649 1231 2678 ac
1272 2632 1600 2680 foederatione
