1811 3358
876 258 934 303 17

576 726 809 802 {lanz
882 724 1192 802 intima.

812 931 970 952 *-

593 1092 824 1139 CAPUT
873 1093 1179 1139 PRIMUM.

477 1229 716 1259 GELRIA
765 1229 873 1258 SUB
924 1228 1294 1258 COMITIBUS.

228 1517 491 1604 Nonnulli
521 1552 773 1612 scriptores
792 1585 802 1602 ,
837 1552 962 1596 inter
987 1568 1106 1612 quos
1137 1554 1384 1602 J0h.1sac.
1417 1556 1540 1601 Pon-

227 1644 388 1685 tanus,
424 1632 589 1676 dicunt
635 1629 844 1677 Gelrialn
886 1631 1146 1691 antiquiori
1197 1640 1409 1693 tempore
1452 1635 1536 1696 (ab

225 1728 347 1759 anno
394 1707 693 1758 879-1094.
741 1710 792 1755 Ρ.
836 1709 883 1755 C.
929 1710 1012 1771 N.)
1047 1719 1288 1773 regnatam
1330 1713 1472 1758 fuisse
1509 1731 1537 1759 a

222 1789 488 1854 praefectis.
530 1786 768 1833 Praefecti
811 1788 884 1833 illi
928 1789 1088 1850 primi,
1132 1807 1280 1851 quum
1325 1793 1536 1838 nondum

224 1879 319 1919 tam
353 1869 553 1929 amplam
584 1867 817 1913 haberent
853 1876 1158 1930 potestatem,
1191 1879 1335 1931 atque
1375 1880 1538 1917 aucto-

225 1951 340 1997 ritas
372 1959 536 1994 eorum
569 1946 852 1992 arctioribus
891 1947 1032 1992 etiam
1080 1948 1307 1996 limitibus
1338 1951 1538 1997 circum-

227 2029 402 2090 scripta
459 2035 608 2080 esset,
656 2029 861 2090 voogclen
915 2029 1228 2090 vocabantur3
1277 2033 1411 2093 cujus
1454 2050 1539 2079 no-

223 2108 361 2152 minis
390 2107 520 2168 origo
569 2107 826 2166 repetenda
869 2115 968 2160 est,
1007 2125 1035 2154 a
1077 2109 1416 2171 significatione
1451 2129 1536 2159 ve*

224 2187 337 2232 teris
370 2186 505 2232 verbi
551 2185 778 2248 voogden,
812 2201 910 2247 quo
945 2187 1072 2248 apud
1105 2187 1306 2249 majores
1351 2198 1537 2236 nostros

227 2265 588 2326 gubernatores,
624 2272 834 2319 tutores,
869 2273 1139 2319 curatores,
1187 2267 1535 2315 indicabantur.

224 2344 316 2390 Sed
334 2361 441 2393 cum
454 2344 712 2406 Amplvan
730 2346 884 2407 Spaen
917 2345 1125 2392 dicemus
1156 2347 1261 2392 fieri
1285 2364 1381 2394 non
1397 2365 1534 2409 posse

223 2431 277 2469 ut
318 2439 476 2469 omnes
507 2424 773 2486 praefectos
814 2426 1116 2472 nominemus.
1175 2427 1339 2472 Potius
1386 2427 1532 2487 disse-

226 2517 380 2547 remus
442 2502 502 2548 de
555 2519 719 2550 eorum
789 2503 1014 2561 historia3
1092 2505 1398 2565 quamobrem
1455 2505 1538 2549 hof.

229 2579 479 2628 omittimus
507 2591 553 2630 et
579 2584 766 2629 initium
785 2582 980 2630 facimus
1000 2583 1057 2629 ab
1077 2584 1274 2644 imperio
1290 2584 1529 2631 Comitum..

1168 2661 1195 2706 3
