1811 3358
867 251 955 295 112

307 387 363 431 Et
397 386 538 446 paulo
573 391 680 444 post
733 381 923 436 scribit3
974 381 1098 425 »Pro
1145 384 1386 443 octogiuta
1435 388 1574 431 milli-

243 469 362 514 »bus
392 467 681 511 florenorum
716 461 1041 508 Rhenensium
1069 477 1153 505 nos
1185 479 1323 508 omne
1356 464 1475 509 illud
1500 466 1580 523 jus

243 549 373 594 »sive
409 548 469 592 sit
498 559 746 604 magnum,
783 543 881 586 sive
917 542 1190 595 mediocre,
1237 543 1335 588 sive
1373 561 1578 605 parvum

244 627 492 690 »praefato
536 625 766 674 Domino,
815 623 935 667 Duci
971 622 1275 682 Burgundiae
1316 639 1406 684 pro
1443 641 1491 670 se
1532 634 1581 672 et

244 708 369 754 »fuis
409 705 695 768 praedictis,
750 710 804 747 ut
855 702 1021 754 nobis,
1070 704 1344 763 nostrisque
1391 704 1583 751 heredi-

243 789 381 840 »bus,
430 784 776 832 successoribus
814 784 1085 843 reciprocos
1138 783 1325 828 favores
1364 794 1412 830 et
1459 787 1576 831 ami-

245 869 412 915 »citias
443 868 625 912 sincere
666 879 851 923 semper
905 861 1186 914 exhibeant,
1223 861 1501 912 donavimus
1533 875 1582 913 et

244 951 506 996 »donamus
549 945 971 992 irrevocabiliter.''

311 1029 406 1075 Sed
456 1027 637 1073 etiamsi
690 1040 857 1069 revera
916 1023 1057 1068 nimis
1105 1025 1271 1083 exiguo
1320 1029 1477 1086 pretio
1526 1045 1582 1074 ea

248 1109 394 1155 cessio
430 1107 553 1152 sacta
589 1111 734 1155 esset,
765 1101 914 1163 (quod
951 1110 1109 1147 tamen
1144 1118 1240 1147 non
1260 1105 1580 1168 concedimus)

246 1189 529 1235 Clivensium
596 1194 755 1230 tamen
806 1182 1041 1242 objectio,
1091 1198 1235 1242 quam
1299 1187 1582 1231 memoravi·

246 1291 371 1326 mus,
418 1268 706 1331 Imperatori
746 1282 921 1310 nocere
982 1281 1079 1309 non
1145 1272 1331 1326 posset,
1381 1273 1583 1325 propter

241 1352 602 1416 jusjurandum,
635 1348 768 1409 quod
795 1348 904 1391 Dux
936 1345 1179 1393 Gerardus
1211 1361 1300 1406 pro
1332 1360 1382 1389 se
1409 1352 1458 1390 et
1487 1346 1583 1391 suis

245 1432 503 1480 heredibus
547 1428 625 1473 vel
672 1425 1026 1472 successoribus
1091 1424 1363 1486 praestitit,
1416 1424 1476 1470 de
1528 1441 1586 1471 ea

247 1514 484 1563 cessione,
530 1508 755 1554 nimirum
812 1521 859 1551 sc
926 1505 1030 1564 ejus
1086 1504 1383 1550 conditiones
1429 1505 1583 1566 probe

245 1594 580 1655 impleturum,
615 1602 815 1646 eamque
851 1600 1112 1644 numquam
1145 1591 1486 1637 retracturum,
1522 1586 1582 1632 de

248 1689 346 1735 quo
395 1687 540 1732 supra
585 1667 763 1713 mentio
817 1665 941 1711 facta
984 1671 1079 1719 est3
1133 1664 1247 1723 quia
1295 1680 1383 1724 per
1417 1665 1584 1725 hujus-

247 1751 377 1799 modi
430 1751 757 1810 juramentum
817 1760 873 1788 cx
916 1742 1154 1787 communi
1197 1743 1408 1787 omnium
1467 1745 1585 1789 scri*

247 1832 465 1878 bentium
517 1841 773 1876 consensa,
824 1831 917 1868 tam
963 1822 1054 1884 ipsi
1111 1821 1235 1866 Duci
1281 1837 1428 1882 quam
1479 1822 1583 1883 ejus

250 1910 600 1961 successoribus
661 1905 811 1951 omnis
862 1904 1060 1950 facultas
1109 1901 1452 1963 impugnandi,
1500 1913 1586 1951 aut

250 1990 543 2056 reprobandi
595 2003 697 2033 eam
738 1986 1030 2037 cessionem,
1068 2000 1125 2030 ex
1156 1998 1297 2027 causa
1333 1982 1481 2043 pretii
1516 1983 1585 2028 vi«-

252 2074 410 2124 lioris,
462 2087 658 2132 prorsus
706 2069 928 2130 adempta
979 2075 1051 2114 est
1088 2067 1166 2129 (l).

319 2153 414 2198 Sed
438 2159 493 2196 ut
526 2151 756 2212 fingamus
787 2149 1006 2194 Carolum
1042 2147 1347 2208 Burgundiae
1377 2146 1582 2197 Ducem,

253 2251 350 2281 non
379 2232 599 2278 habuisse
630 2229 992 2290 possessionem,
1036 2236 1084 2272 et
1115 2228 1294 2273 Ducem
1313 2225 1584 2274 Gerardum

251 2316 461 2360 directas
493 2310 596 2353 illas
631 2308 840 2352 actiones
876 2308 1149 2357 retinuisse,
1196 2323 1251 2353 ac
1290 2306 1583 2352 successione

257 2396 317 2443 ad
333 2393 510 2440 Cliviae
530 2390 709 2434 Ducem
735 2388 1045 2433 transmisisse
1064 2423 1074 2439 ,
1110 2387 1202 2432 hoc
1221 2395 1380 2432 tamen
1394 2385 1582 2430 Caesari

259 2477 423 2521 obesse
457 2460 554 2517 non
595 2477 779 2532 posset,
825 2470 940 2529 quia
981 2467 1267 2529 apertissimi
1314 2467 1439 2526 juris
1485 2473 1584 2518 est,

276 2583 735 2604 .......-—..-—-—

334 2652 394 2697 (l)
435 2648 511 2685 VM
560 2648 601 2682 L·
640 2647 680 2680 s„
714 2644 809 2681 (Ost,
844 2643 885 2678 dc
922 2643 1118 2679 Transact.
