1811 3358
825 264 876 309 81

179 398 283 440 silio
318 397 719 460 nobilissimorum
750 396 992 439 hominnm
1022 395 1374 455 disceptarunt.·
1412 401 1501 446 Pa-

177 484 251 521 ter
287 475 522 535 intrepide
565 475 854 534 fortiterque
885 492 933 519 se
968 474 1206 528 defendit,
1257 477 1401 537 inque
1436 480 1497 525 fi,

176 556 228 599 lii
264 555 560 599 manifestam
592 553 884 614 impietatem
905 554 1333 615 crudelitatemque
1362 574 1501 618 prae-

176 635 298 679 senti
345 633 501 679 animo
533 632 749 677 invectus
769 665 779 684 ,
812 648 918 676 eum
956 632 1243 686 rationibus,
1292 642 1394 680 tum
1428 640 1502 683 vi-

175 730 337 759 rorum
378 714 614 758 bonorum
676 712 956 756 testimoniis
1008 713 1330 759 innocentiam
1372 731 1504 763 suam

173 793 356 837 cunetis
396 792 621 853 probavit
659 790 739 850 (1).
806 791 1000 835 Carolus
1035 807 1115 836 eos
1146 791 1274 837 inter
1306 809 1354 838 se
1391 810 1502 841 eon-

172 873 336 917 eiliare
374 872 590 927 volebat3
622 871 768 932 magis
808 879 964 915 tamen
1001 878 1106 916 erat
1147 888 1412 933 propensus
1448 876 1497 920 in

172 951 352 1004 filium,
402 953 479 997 eni
510 959 559 996 et
590 950 893 1012 Burgundiae
920 951 1273 1012 praefecturam
1303 961 1352 999 et
1383 953 1497 1001 Gel-

173 1033 271 1078 riae
323 1033 664 1093 possessionem
698 1031 945 1092 permisit3
980 1039 1177 1092 excepto
1216 1040 1374 1079 tamen
1415 1050 1500 1095 op-

172 1111 289 1172 pido
325 1111 554 1164 Graviae‚
603 1110 736 1171 quod
782 1109 910 1171 patri
946 1117 1001 1154 ut
1039 1120 1313 1158 servaretur
1364 1115 1505 1160 vole-⁴

173 1191 280 1243 bat,
316 1199 365 1236 et
399 1192 539 1236 simul
571 1199 626 1235 ut
669 1190 762 1235 tria
809 1204 1065 1235 aureorum
1099 1192 1251 1237 millia
1296 1202 1504 1253 quotan-

170 1270 272 1322 nis,
312 1279 361 1315 et
394 1286 450 1315 ex
486 1285 643 1315 annua
673 1268 902 1330 pensione
940 1269 987 1314 ei
1015 1270 1343 1329 solverentur3
1389 1271 1503 1319 Gel-

173 1349 272 1394 riae
320 1350 466 1395 Ducis
511 1365 686 1395 nomen
746 1356 931 1394 tantum
982 1357 1183 1411 gereret.
1249 1350 1503 1413 Adolphus

170 1444 286 1473 vero
317 1428 578 1490 respondit:
612 1445 660 1473 se
692 1429 831 1473 malle
864 1429 914 1473 in
953 1437 1152 1489 puteum
1185 1431 1500 1492 praeeipitem

170 1505 288 1552 dare
325 1517 512 1570 patrem
563 1516 708 1569 atque
743 1507 885 1560 dein,
931 1524 980 1553 se
1028 1508 1182 1569 ipsum
1219 1508 1269 1554 in
1298 1511 1503 1557 eundem

170 1586 436 1646 conj-icere,
477 1604 623 1648 quam
657 1587 892 1647 ejusmodi
927 1587 1223 1633 conditiones
1254 1589 1501 1650 accipere,

166 1665 469 1728 addebatque
508 1667 612 1729 pati
645 1684 694 1713 se
725 1683 888 1729 posse,
924 1675 979 1713 ut
1011 1667 1092 1713 ille
1126 1669 1383 1728 quotannis
1417 1670 1504 1716 ha-

167 1744 307 1790 beret
338 1747 430 1791 tria
464 1763 720 1792 aureorum
766 1748 942 1799 millia,
988 1747 1072 1793 sed
1117 1764 1175 1794 ea
1226 1746 1500 1795 conditione

170 1831 225 1869 ut
259 1841 315 1869 ex
349 1822 512 1872 Gelria
560 1825 830 1871 diseederet
866 1842 957 1870 nee
1002 1842 1214 1886 unquam
1249 1842 1306 1871 eo
1339 1843 1502 1873 rever-

169 1913 366 1950 teretur.
439 1904 580 1949 Hisce
608 1905 754 1966 igitur
780 1905 996 1949 nondum
1026 1905 1320 1965 compositis,
1354 1921 1505 1966 quum

171 1983 382 2029 Hesdino
418 1984 537 2029 elam
572 1984 776 2030 evadere
812 1984 1038 2029 voluisset
1062 1983 1337 2045 Adolphus,
1365 2003 1393 2030 a
1425 2001 1505 2040 sa*-

168 2065 363 2110 eerdote
398 2064 626 2125 quopiam
661 2073 733 2109 est
772 2065 1021 2126 proditus3
1057 2065 1185 2109 eirea
1214 2065 1501 2111 Namurcum

171 2145 347 2190 Mosam
406 2144 696 2205 trajeeturus
760 2154 814 2190 ut
868 2143 1081 2192 Gelriam
1139 2144 1387 2207 inopinato
1434 2145 1508 2190 in-

239 2301 303 2348 (1)
332 2299 535 2350 Philippus
566 2303 769 2339 Comineus
808 2303 1039 2350 (Memoires
1083 2304 1127 2340 de
1166 2302 1238 2342 Ph.
1273 2303 1319 2339 de
1355 2303 1485 2340 Comi-

186 2380 253 2403 nes
290 2366 359 2403 Liv
399 2368 470 2413 IV,
505 2365 631 2416 Chap.
666 2369 733 2414 Ι.)
762 2369 871 2415 dicit,
911 2369 986 2405 vidi
1020 2369 1102 2418 ipse
1139 2382 1222 2404 cuin
1244 2367 1356 2403 ambo
1379 2379 1484 2402 suam

184 2443 355 2478 causam,
390 2445 467 2467 non
499 2431 606 2468 simel
642 2433 744 2482 apud
778 2432 978 2481 carolum,
1026 2434 1065 2470 in
1097 2442 1206 2470 coetu
1246 2446 1290 2468 ac
1322 2430 1479 2467 consilio

185 2495 387 2531 multorum
415 2495 611 2534 hominum
645 2498 927 2550 disceptarent5
957 2500 1032 2539 vidi
1059 2513 1143 2536 cum
1175 2507 1284 2549 pater
1315 2497 1396 2536 filio
1416 2497 1485 2533 de·-

186 2560 300 2596 scrret
335 2560 530 2609 duellum,
569 2569 667 2603 caet.

1093 2627 1148 2674 11
