1811 3358
854 213 885 259 6

203 344 466 391 Borussiac.
561 343 770 389 Ducatus
834 342 1025 390 Gelriac
1101 359 1195 388 una
1248 359 1355 389 cum
1423 345 1537 392 Zut-

202 423 452 486 phaniensi
503 422 741 468 Comitatu
785 431 995 469 extrema
1050 422 1176 475 fere,
1229 438 1392 469 versus
1450 425 1540 470 Bo-

203 520 333 549 ream
385 502 602 564 Belgicae
647 504 802 564 regio,
851 503 1047 547 flumine
1097 503 1250 555 Mosa,
1301 511 1350 549 et
1402 505 1540 549 trinis

202 585 361 631 Rheni
396 583 618 628 cornibus
655 583 704 626 in
739 583 982 628 Oceanum
1018 581 1380 635 Germanicum,
1416 583 1543 644 ejus-

201 661 301 726 que*
342 664 495 709 sinum
546 663 821 708 Australem
872 679 973 708 sese
1022 662 1420 715 exonerantibus,
1468 659 1541 709 in-

204 746 378 792 tercisa
423 743 746 803 distinctaque
791 751 874 788 est.

271 825 386 885 Ejus
445 824 618 868 limites
687 832 823 874 sunt,
893 823 952 867 ab
1015 823 1212 869 Oriente
1271 822 1421 868 Clivia
1495 830 1543 866 et

208 904 626 954 Trans-lsalania,
684 903 1103 963 VVestphaliaque3
1158 904 1217 949 ah
1272 903 1541 951 occidente,

206 985 483 1045 provinciae
529 984 846 1042 'l'rajectensis
900 992 947 1028 ct
989 984 1270 1040 Hollandia3
1323 1000 1349 1028 a
1402 984 1545 1028 Meri-

209 1065 307 1115 die,
342 1064 549 1108 Ducatus
589 1062 896 1119 brabantiae,
935 1078 961 1106 a
996 1062 1357 1123 Septentrione,
1395 1079 1543 1114 marc,

207 1144 339 1205 quod
389 1143 588 1193 dicitur,
644 1141 953 1186 Meridionalc
1005 1141 1384 1201 (Zuider-Zee).

273 1224 437 1270 Gelria
471 1220 777 1266 dividebatur
808 1221 857 1264 in
887 1229 1095 1280 quatuor
1133 1219 1433 1266 Tetrarchias
1463 1219 1541 1277 (1).

210 1305 600 1362 Reomagenscm,
630 1300 1092 1352 Ruremondensein,
1122 1299 1545 1361 Zutphaniensem,

211 1390 260 1427 et
308 1381 704 1426 Arnhemiensem
751 1380 826 1424 vel
877 1379 1135 1424 Velaviain.

276 1460 582 1506 'l'etrarchiae
644 1458 1002 1518 Neomagcnsis,
1071 1457 1439 1518 Zutphaniensis
1493 1465 1548 1500 ÷et

208 1540 568 1587 Arnhemiensis
613 1538 874 1582 conficiunt
918 1539 1213 1598 provinciam
1250 1535 1394 1580 hodie
1435 1534 1548 1580 Gel-

212 1623 330 1666 riam
374 1620 573 1683 dictam3
621 1611 900 1663 Tetrarchia
944 1615 1347 1663 Ruremondensis
1392 1612 1543 1658 divisa

212 1709 283 1746 est
327 1701 452 1744 inter
499 1698 661 1759 plures
710 1696 993 1758 provincias.

278 1779 373 1824 Sed
415 1778 531 1838 quia
572 1777 662 1822 hae
713 1777 1002 1822 tetrarchiae
1039 1791 1261 1836 quaeque
1305 1773 1548 1834 propriam

212 1859 394 1905 habent
449 1858 709 1918 originem,
780 1865 1038 1917 propterea
1091 1856 1235 1901 ctiam
1297 1854 1550 1914 separatim

214 1946 323 1983 sunt
377 1935 665 1982 tractandae.

281 2022 337 2067 Et
392 2020 546 2081 primo
612 2017 853 2062 videamus
906 2015 964 2060 de
1032 2015 1290 2060 tetrarchia
1353 2014 1551 2060 Neoma-

215 2102 358 2163 gensi.
428 2099 650 2145 Omnium
693 2098 846 2159 prima
888 2105 982 2146 cst,
1038 2104 1086 2139 ct
1129 2094 1336 2155 primum
1380 2093 1430 2137 in
1473 2107 1551 2135 co-

215 2183 360 2228 mitiis
428 2179 688 2239 majoribus
749 2176 1026 2237 suffragium
1092 2175 1313 2219 obtinuit.
1400 2165 1551 2218 Urbe's

215 2269 380 2308 erant:
447 2260 760 2319 Neomagum,
812 2257 978 2302 Thiela
1041 2264 1089 2300 et
1151 2253 1379 2303 Bomelia‚
1444 2251 1550 2310 qui-

215 2343 304 2387 bus
369 2340 488 2385 aliae
554 2344 891 2387 accensentur,
956 2351 1080 2396 quae
1143 2344 1299 2380 tamen
1368 2332 1550 2376 nullum

211 2422 290 2481 jus
339 2419 552 2479 suffragii
601 2415 852 2460 habebant.
921 2413 1003 2458 Est
1052 2422 1210 2458 autem
1264 2414 1550 2471 Neomagum

215 2498 506 2545 tetrarchiae
570 2496 704 2541 istius
770 2493 1072 2553 Metropolis,
1140 2495 1228 2537 sita
1280 2491 1339 2536 ad
1403 2492 1553 2551 ripam

291 2632 352 2677 (ι)
397 2630 497 2669 Voce
533 2625 754 2662 'seu-archia
791 2624 983 2659 Pomanus
1022 2622 1133 2658 utitur
1169 2637 1236 2672 pra)
1272 2626 1530 2659 Kwarllercn.
