1811 3358
880 280 1008 325 '1231

294 407 447 459 ribus,
510 409 878 468 piscationibus,
942 411 1162 461 vallibus,
1215 412 1516 470 planitiebus,
1572 424 1613 458 et

286 486 392 531 aliis
424 486 640 531 omnibus
675 488 769 531 suis
804 490 1196 548 appertinentiis,
1241 490 1360 534 nihil
1394 501 1613 551 excepto,

286 574 334 610 et
377 582 482 610 cum
519 566 733 609 omnibus
763 567 978 625 juribus,
1008 585 1151 628 quem
1187 568 1436 613 admodum
1465 588 1518 615 ca
1554 572 1612 614 ad

287 661 396 696 nos,
432 646 503 690 uti
548 645 871 690 Romanorum
916 663 1097 707 regem,
1135 649 1184 691 in
1220 656 1268 692 ct
1313 649 1373 692 ad
1428 652 1611 709 praesa<

285 732 384 768 tum
418 724 641 768 ducatum
675 733 726 769 et
756 726 1083 787 Principatum
1133 726 1349 779 Geiriae,
1383 736 1431 772 ct
1465 732 1609 773 eomi-

282 811 431 847 tatum
487 805 809 864 Zutphaniae,
855 822 942 865 per
985 806 1168 849 obitum
1209 807 1443 866 praedicti
1479 808 1608 853 (lucis

278 882 509 942 Reynaldi
528 892 854 942 pervenerunt
889 893 935 929 ct
960 884 1185 930 devoluta
1221 895 1341 930 sunt.
1377 888 1490 932 Cum
1524 906 1603 932 nos

277 960 419 1006 hodie
474 961 633 1006 Budae
683 962 953 1007 sederemus
995 965 1043 1008 in
1091 972 1253 1009 nostro
1310 969 1464 1027 regiae
1511 969 1604 1012 Ma-

272 1041 459 1100 jestatis
493 1041 662 1086 habitu
697 1041 914 1086 adornati
946 1042 1211 1088 diademate
1247 1048 1366 1089 sacri
1412 1048 1605 1107 imperii

276 1129 324 1165 et
371 1122 473 1165 aliis
507 1137 640 1166 sacro
697 1122 868 1165 sanctis
917 1123 1290 1182 paludamentis,
1337 1142 1481 1185 quem
1524 1128 1604 1172 ad-

277 1201 469 1245 modum
521 1202 689 1252 decet,
751 1203 953 1261 gratiose
1006 1203 1252 1253 dedimus,
1315 1205 1364 1248 in
1414 1207 1605 1251 seudum

279 1283 564 1325 contulimus
615 1289 665 1325 et
726 1281 1032 1333 tradidimus,
1081 1283 1267 1332 damus,
1313 1285 1361 1328 in
1413 1284 1605 1330 feudum

273 1360 560 1405 conserimus
609 1370 656 1405 et
692 1361 938 1412 tradimus,
970 1370 1017 1406 et
1051 1363 1133 1407 illa
1159 1379 1213 1406 ex
1248 1363 1485 1408 Romanae
1524 1382 1605 1410 re-

275 1441 376 1500 giae
408 1442 655 1501 potestatis
687 1442 1010 1501 plenitudine,
1032 1441 1090 1485 de
1119 1450 1247 1486 certa
1284 1443 1479 1488 scientia
1513 1460 1599 1504 per

275 1529 574 1581 praesentes,
629 1521 695 1564 ita
739 1536 835 1580 quo
873 1521 973 1580 ipse
1018 1529 1067 1565 et
1115 1522 1186 1565 sui
1231 1521 1360 1566 feudi
1406 1538 1597 1583 capaces

272 1599 500 1644 haeredes
547 1599 794 1643 masculini
838 1600 1050 1658 generis,
1091 1600 1328 1659 praefatos
1372 1600 1595 1647 ducatum

270 1686 320 1723 et
366 1679 690 1739 principatum
741 1677 932 1724 Gelriae
964 1686 1012 1723 et
1051 1678 1335 1724 Comitatum
1387 1680 1594 1739 Zutpha-

269 1759 405 1809 niae,
452 1774 546 1801 una
594 1773 701 1801 cum
757 1757 851 1800 suis
898 1763 1269 1816 praenominatis
1311 1759 1593 1808 ditionibus,

270 1837 517 1887 dominiis,
567 1837 734 1885 terris,
793 1835 1060 1879 hominihus
1125 1844 1173 1881 et
1235 1838 1449 1882 omnibus
1488 1839 1589 1884 aliis

271 1916 363 1961 suis
399 1914 792 1975 appertinentiis,
842 1930 868 1957 a
918 1913 1053 1958 nobis
1105 1923 1153 1959 et
1199 1932 1330 1960 sacro
1382 1918 1590 1978 Imperio

267 2003 374 2056 post
416 1994 504 2038 hac
538 1992 864 2043 haereditare,
900 2001 948 2036 et
986 1993 1035 2037 in
1079 2002 1366 2055 perpetuum
1399 1998 1470 2041 uti
1507 2014 1586 2042 ve-

270 2090 376 2118 rum
409 2073 674 2133 principale
721 2071 916 2116 feudum
959 2072 1163 2125 habere,
1215 2081 1405 2125 tenere,
1432 2081 1589 2136 possi-

268 2152 382 2198 dere
413 2159 463 2197 et
500 2153 566 2196 eis
597 2152 669 2196 uti
716 2159 766 2196 et
797 2151 1003 2212 gaudere
1040 2153 1222 2213 possint
1260 2162 1308 2198 et
1353 2154 1582 2206 debeant,

265 2232 389 2276 sicut
422 2231 653 2291 ejusmodi
695 2231 924 2283 ducatus,
964 2233 1286 2293 principatus,
1339 2236 1584 2280 comitatus

265 2319 314 2356 et
347 2311 553 2357 dominia
587 2312 645 2357 de
669 2312 781 2371 jure
813 2320 862 2357 et
897 2313 1238 2359 consuetudine
1273 2323 1435 2360 tenere
1474 2323 1582 2359 sunt

264 2390 402 2434 solita
436 2390 613 2450 absque
658 2391 984 2452 cujuscunque
1020 2393 1383 2453 impedimento:
1418 2402 1578 2438 nostro

266 2475 419 2512 tamen
455 2476 503 2513 et
534 2470 654 2514 sacri
688 2470 912 2530 Imperii,
947 2472 996 2515 in
1030 2473 1133 2516 aliis
1161 2472 1334 2517 nostris
1359 2472 1572 2531 juribus,

265 2553 314 2589 ct
346 2546 670 2608 cujuscunque
710 2548 904 2593 alterius
941 2549 1054 2609 jure
1094 2566 1277 2610 semper
1312 2552 1450 2596 salvo.
1519 2553 1577 2597 Et

264 2624 531 2683 praedictus
584 2626 676 2670 dux
723 2625 970 2686 Adolphus
1014 2628 1126 2673 feeit
1194 2627 1328 2675 nobis
1375 2629 1574 2691 desuper

1156 2707 1215 2752 16
