1811 3358
901 203 962 250 '50

266 350 373 380 cum
421 333 613 381 Gelriae
657 349 711 379 ac
751 332 906 378 Juliae
947 332 1080 378 Duce
1123 331 1384 384 Reinaldo,
1427 335 1597 394 (quem

265 415 393 461 inter
437 430 566 467 suas,
617 418 666 459 et
703 412 918 458 affinium
955 427 1150 458 suorum
1183 412 1364 458 Cliviac
1399 419 1448 457 et
1480 413 1598 457 Hol-

265 492 452 539 landiae
500 493 758 545 Comitum,
814 493 1019 539 ditiones
1074 493 1227 539 veluti
1284 492 1443 538 medio
1489 493 1596 538 loco

263 575 472 635 positum
514 588 610 617 non
649 571 945 633 ignorabat),
992 572 1052 618 de
1111 572 1265 618 Cucae
1300 571 1516 633 dynastia
1549 581 1600 618 et

260 654 364 713 ejus
436 653 692 713 metropoli
753 650 959 699 Graviae
1022 651 1256 709 civitate3
1333 653 1596 714 praecipue

263 732 396 795 quod
440 731 725 785 Reinaldus,
774 730 902 792 apud
945 729 1239 783 Antonium,
1289 746 1446 793 nuper
1480 733 1598 778 Bra-

261 812 454 858 bantiac
502 813 683 857 Ducem
723 820 965 864 creatum,
1015 812 1284 857 clientelam
1317 812 1448 858 haud
1480 830 1596 874 pro-

262 893 411 938 fessus
455 891 620 936 suisset
654 891 875 951 Trajecto
915 891 976 936 ad
1020 892 1210 938 Mosam.
1265 892 1424 953 Igitur
1461 894 1595 939 venit

259 987 414 1032 prope
457 969 877 1031 Valkenburgum;
913 970 1101 1032 sibique
1129 981 1448 1033 proposuerat
1480 973 1595 1020 Rei-

260 1049 455 1095 naldum
490 1048 681 1096 Gelriac
705 1066 759 1095 ac
793 1050 968 1095 Juliaci
990 1050 1172 1095 Ducem
1202 1067 1258 1095 eo
1294 1052 1510 1114 redigere
1541 1061 1598 1098 ut

257 1131 412 1177 Cucae
459 1138 508 1175 et
556 1130 760 1178 Graviae
808 1131 1040 1177 ditionem
1087 1148 1114 1177 a
1145 1148 1193 1177 se
1234 1131 1483 1178 infeudum
1517 1149 1594 1179 ac-

262 1218 452 1271 ceptam
494 1209 792 1269 declararet3
837 1211 919 1257 sed
959 1211 1248 1265 Reinaldus,
1301 1214 1388 1273 qui
1423 1229 1470 1259 se
1504 1213 1596 1257 im·-

258 1298 507 1353 potentem
553 1306 643 1336 nec
694 1290 879 1336 viribus
934 1307 1100 1353 parem
1155 1291 1594 1344 animadvertebat,

258 1371 654 1432 Valkenburgum
680 1371 837 1415 virum
868 1386 1057 1432 gravem
1077 1387 1132 1416 ac
1162 1371 1450 1417 honoratum
1467 1373 1596 1417 misit

262 1452 322 1497 ad
368 1453 549 1497 Ducem
593 1451 888 1509 Antonium;
934 1452 1018 1498 ubi
1071 1460 1323 1504 statutum,
1369 1458 1425 1496 ut
1471 1451 1596 1496 Duci

262 1531 476 1577 Antonio
514 1531 735 1576 millenos
771 1531 957 1592 aliquot
987 1531 1246 1577 Coronatos
1265 1532 1370 1576 Dux
1403 1531 1601 1578 Rcinal-

263 1611 351 1656 dus
395 1609 630 1670 penderet
644 1629 655 1665 3
712 1611 913 1668 ipseque
959 1611 1008 1651 in
1046 1610 1353 1653 Brabantiam
1395 1608 1597 1654 accede-

260 1697 363 1741 ret,
416 1688 484 1732 ibi
526 1688 715 1733 Ducem
757 1687 1043 1740 Antonium,
1089 1686 1330 1748 dynastiae
1360 1686 1460 1746 jam
1495 1688 1599 1733 dic-

262 1777 340 1814 tae
404 1768 660 1813 Dominum
716 1768 995 1828 agniturus3
1055 1774 1201 1827 atque
1257 1766 1387 1811 haud
1446 1768 1598 1814 multo

264 1846 432 1893 exinde
476 1847 771 1908 praestitisse
812 1846 1022 1892 refertur
1057 1845 1364 1899 Reinaldum,
1408 1846 1598 1895 secisse-

264 1943 360 1987 que
400 1926 492 1971 hoc
525 1927 715 1972 nomine
764 1926 920 1987 ipsum
954 1925 1077 1970 Duci
1111 1925 1395 1972 Brabantiae
1432 1929 1597 1974 Sacra-

229 2009 501 2065 Qmentum,
563 2007 613 2051 in
662 2022 784 2067 pago
832 2005 1024 2066 Empel;
1085 2005 1488 2066 inspectantibus,
1541 2025 1597 2054 ex

265 2100 424 2138 more,
457 2085 780 2148 perpluribus.
831 2085 946 2130 Post
983 2087 1378 2147 recognitionem,
1413 2087 1473 2133 de
1507 2088 1600 2134 Cu·-

265 2183 348 2212 cae
401 2175 450 2212 et
491 2165 677 2213 Gravae
727 2162 988 2209 ditionibus
1035 2163 1096 2209 ab
1143 2165 1246 2227 ipso
1303 2167 1434 2213 Duce
1484 2169 1598 2214 Rei-

267 2246 436 2299 naldo,
479 2245 609 2306 apud
642 2246 823 2291 Ducem
853 2245 1139 2292 Brabantiae
1173 2246 1465 2301 Antonium,
1499 2247 1597 2292 fac·-

267 2335 386 2379 tam,
435 2324 523 2371 sub
587 2322 730 2369 finem
785 2324 929 2384 hujus
992 2324 1104 2370 anni
1177 2342 1347 2388 nempe
1398 2326 1477 2371 die
1536 2324 1596 2372 14

267 2406 546 2454 Decembris
589 2405 700 2450 anni
743 2403 890 2456 1408,
943 2406 1175 2452 ulteriore
1224 2415 1398 2452 statuta
1442 2406 1594 2450 consi-

268 2489 430 2548 liaque
488 2487 613 2532 inter
673 2485 923 2544 utriusque
977 2484 1149 2537 Ducis,
1210 2486 1493 2532 Brabantiae
1547 2494 1596 2532 et

275 2566 489 2618 Gclriae,
540 2565 779 2626 delegatos
826 2562 990 2609 hahita
1037 2565 1419 2625 Sylvae-Ducis‚
1455 2581 1593 2627 prae-
