1811 3358
865 257 955 302 135

254 385 421 430 clarati
458 392 595 441 sunt5
633 384 714 430 sed
745 386 990 446 pertinere
1021 386 1080 432 ad
1120 387 1364 447 quoslibet
1398 389 1484 449 qui
1519 389 1584 435 ita

255 464 426 510 absunt
454 472 523 509 -ut
558 466 804 526 ignoretur
835 465 918 510 ubi
958 466 1082 518 sint,
1124 473 1173 512 et
1216 474 1379 514 utrum
1425 468 1589 516 vivant

255 560 314 589 an
357 544 534 589 mortui
582 545 687 589 sint.

870 701 968 747 IV.

318 861 617 921 Quamquam
652 860 849 919 nuptiae
899 859 1185 918 regulariter
1238 859 1472 906 celebrari
1509 861 1593 910 de-

254 942 397 986 beant
438 955 536 984 non
570 946 756 983 tantum
807 953 965 982 eoram
1012 938 1291 998 magistratu
1342 941 1427 1001 qui
1475 944 1591 988 actis

254 1028 403 1067 status
436 1019 590 1064 civilis
620 1024 834 1078 praeest,
870 1016 952 1062 sed
991 1018 1135 1063 etiam
1180 1019 1375 1079 publice
1423 1021 1473 1067 in
1509 1039 1590 1068 eu-

257 1101 327 1146 ria
376 1097 683 1157 municipali3
723 1104 880 1141 tamen
927 1112 1087 1143 eoram
1117 1099 1399 1160 magistratu
1449 1117 1492 1146 v.
1524 1118 1593 1163 gr.

255 1178 505 1224 inaedibus
553 1178 752 1238 privatis
800 1178 1078 1222 alterutrius
1123 1179 1337 1240 conjugis
1382 1181 1594 1227 celebra-

260 1268 355 1310 tae,
404 1264 662 1318 propterea
710 1273 807 1302 non
858 1266 967 1303 sunt
1016 1258 1175 1303 nullae
1223 1275 1382 1320 neque
1433 1261 1595 1307 nullae

255 1337 489 1382 declarari
535 1344 745 1396 possunt.

898 1494 953 1540 V.

320 1653 642 1713 praescriptio
692 1654 821 1713 longi
860 1656 1104 1715 temporis,
1153 1672 1250 1700 non
1283 1674 1338 1702 ex
1366 1657 1478 1716 jure
1510 1673 1594 1702 na-

260 1732 432 1781 turali,
478 1731 561 1777 sed
606 1747 661 1776 ex
704 1731 886 1792 legibus
943 1748 1074 1779 mere
1141 1734 1360 1782 civilibus
1407 1736 1597 1784 fluxisse

257 1811 462 1856 videtur.

863 1892 963 1938 VI.

323 2054 386 2100 Ut
439 2051 698 2098 seeundum
746 2050 851 2096 Art.
898 2050 988 2098 381
1047 2052 1159 2099 Cod.
1211 2055 1355 2102 Poen.
1412 2059 1592 2110 furtum

258 2140 410 2178 morte
449 2132 612 2193 puniri
653 2140 840 2192 posset,
892 2132 1185 2193 requiritur,
1234 2144 1290 2181 ut
1333 2137 1464 2185 fures
1512 2159 1590 2188 ar..

257 2228 362 2264 ma,
406 2228 612 2272 quorum
647 2212 697 2256 in
742 2212 778 2274 ยง
812 2211 852 2258 3.
888 2213 1066 2258 mentio
1102 2214 1180 2266 fit,
1221 2232 1381 2263 seeum
1415 2221 1589 2283 adpor-

261 2292 470 2338 taverint
516 2307 612 2337 non
663 2291 836 2337 sufficit
883 2292 922 2336 si
968 2293 1174 2339 inventis
1221 2298 1295 2342 uti
1349 2296 1544 2348 fuerint,

851 2452 997 2499 VII.

326 2613 602 2673 Amputatio
652 2631 814 2661 manus
867 2614 1058 2661 dextrae
1102 2618 1149 2661 in
1186 2635 1341 2679 poena
1382 2622 1585 2683 scripta,
