1811 3358
908 256 966 303 954

274 391 466 453 gionum
517 404 734 446 suorum3
805 396 991 434 ceterae
1061 387 1355 432 conditiones
1405 381 1598 435 videam

273 479 354 517 tur
388 469 512 532 apud
567 469 1016 516 Slichtcnhorstium
1067 468 1146 530 (1)».

340 549 481 596 Anno
542 548 667 595 1498
718 548 858 594 rebus
905 549 966 594 ad
1027 548 1179 608 majus
1231 556 1279 593 et
1338 546 1601 592 luctuosius

274 630 452 676 bellum
484 628 831 690 spectantibus,
865 628 1103 672 ,Iohannes
1136 628 1210 679 II,
1247 627 1402 672 Caroli
1437 627 1460 671 I
1501 626 1604 671 Du-

276 711 342 755 cis
399 708 665 753 Borboniae
714 706 867 757 filius,
931 706 1099 751 Carolo
1152 703 1342 752 Gelriae
1394 705 1604 768 principi

277 790 566 842 avunculus,
602 789 648 833 ei
683 787 1057 848 expeditissimos
1090 795 1380 833 armatorum
1420 787 1606 847 aliquot

278 870 497 915 cohortes
549 867 759 914 subsidio
809 867 951 912 misit.

343 950 485 995 Anno
552 946 677 993 1499
738 962 987 1006 proceres,
1052 945 1268 1006 ordoque·
1327 941 1604 1008 Equestris,

277 1045 386 1074 cum
421 1027 693 1073 civitatibus
727 1027 983 1085 NeomagO,
1031 1026 1359 1079 Rmemunda,
1396 1028 1608 1088 Zutpha-

274 1110 384 1162 nia,
418 1107 690 1158 Arnhcmo‚
725 1113 774 1150 ct
808 1120 933 1165 quae
982 1104 1076 1148 illis
1121 1111 1259 1149 crant
1301 1105 1486 1158 addita,
1523 1121 1610 1166 op—

275 1190 391 1252 pida
423 1189 631 1239 minora,
680 1187 882 1247 propius
911 1200 959 1231 se
991 1184 1342 1244 conjunxerunt
1377 1196 1484 1230 cum
1508 1185 1614 1231 Du·-

277 1286 333 1315 ce
379 1284 464 1314 suo
511 1267 693 1313 Carolo.

342 1350 484 1396 Anno
521 1347 742 1408 sequenti
784 1361 954 1406 nempe
993 1344 1144 1396 1500,
1185 1343 1263 1389 dic
1300 1341 1362 1390 24
1399 1344 1610 1390 Februa·-

276 1432 339 1477 rii
381 1437 520 1474 natus
560 1435 631 1472 est
665 1426 882 1474 Gandavi
917 1425 1134 1476 Carolus,
1184 1432 1349 1484 postea
1384 1423 1488 1483 ejus
1521 1440 1611 1468 no·-

248 1540 250 1543 -
276 1509 416 1554 minis
451 1509 721 1568 Imperator
752 1506 970 1565 quintus,
1006 1504 1130 1548 filius
1176 1503 1465 1548 Archiducis
1496 1505 1612 1550 Phi-

277 1589 400 1649 lippi
447 1588 591 1632 Ducis
642 1587 928 1632 Brabantiae
981 1592 1030 1629 ct
1076 1584 1268 1629 Comitis
1311 1585 1608 1631 Hollandiae.

344 1668 486 1712 Anno
530 1663 656 1712 1504
684 1682 772 1726 pcr
805 1663 1134 1715 Hollandiam,
1171 1670 1219 1707 ct
1264 1665 1461 1710 maxime
1495 1665 1612 1711 Am-

280 1748 582 1800 stelaedami,
644 1745 857 1805 evulgari
911 1760 999 1804 pcr
1058 1744 1252 1804 publica
1319 1743 1608 1804 diplomata,

279 1828 531 1888 Philippus
575 1827 680 1871 Dux
724 1826 861 1877 fecit,
912 1840 972 1869 ne
1008 1824 1116 1884 quis
1165 1823 1465 1869 subditorum
1503 1841 1613 1870 suoa

283 1924 419 1959 rum,
468 1922 574 1952 cum
622 1904 779 1952 Gclris
827 1904 1162 1949 commercium
1208 1902 1427 1954 haberet»,
1479 1904 1613 1963 quis—

283 2004 379 2048 que
428 2003 511 2032 suo
574 1985 791 2046 periculo
844 1991 1018 2044 ageret.
1099 1982 1193 2043 Qui
1243 1997 1406 2026 rumor
1456 1983 1611 2043 primo

282 2066 630 2112 Hardervieum
693 2080 799 2108 mox
843 2063 1047 2107 ulterius
1090 2069 1138 2106 et
1188 2061 1385 2106 maxime
1419 2062 1614 2107 Arnhe—

282 2161 412 2191 mum
455 2146 574 2207 {cum
625 2152 747 2189 essct
796 2159 885 2204 per
931 2143 1092 2187 literas
1140 2141 1339 2192 dilatus,
1404 2142 1614 2186 omnium

286 2226 464 2272 animas
510 2224 639 2269 haud
681 2223 854 2269 leviter
902 2221 1169 2267 commovit.
1235 2221 1416 2267 Verum
1459 2221 1615 2267 archi·-

283 2307 380 2352 dux
428 2305 704 2366 Philippus,
756 2302 890 2363 quod
936 2303 1233 2354 instituerat,
1295 2301 1418 2346 serio
1474 2314 1615 2358 agens

284 2388 476 2433 labente
519 2385 620 2446 jam
667 2392 843 2430 aestate
891 2399 999 2428 cum
1037 2383 1189 2434 omni,
1241 2395 1383 2440 quem
1434 2377 1614 2423 fecerat

284 2468 414 2514 unde
459 2481 652 2528 quaque
696 2463 1005 2524 comportari,
1053 2461 1181 2506 bello
1220 2466 1481 2520 apparatu,
1515 2475 1614 2505 ma·-

306 2574 770 2594 ——--.-—--

363 2639 425 2686 (1)
465 2640 545 2687 Op,
576 2637 602 2674 l.
640 2637 726 2675 Lib.
759 2637 827 2671 ΧῘ,
861 2640 878 2683 ᾗ
934 2638 991 2670 18.
