<?xml version="1.0" encoding="UTF-8"?>
<!DOCTYPE html PUBLIC "-//W3C//DTD XHTML 1.0 Transitional//EN"
    "http://www.w3.org/TR/xhtml1/DTD/xhtml1-transitional.dtd">
<html xmlns="http://www.w3.org/1999/xhtml" xml:lang="en" lang="en">
 <head>
  <title>
</title>
<meta http-equiv="Content-Type" content="text/html;charset=utf-8" />
  <meta name='ocr-system' content='tesseract 3.04.00' />
  <meta name='ocr-capabilities' content='ocr_page ocr_carea ocr_par ocr_line ocrx_word'/>
</head>
<body>
  <div class='ocr_page' id='page_1' title='image "./dissertatiohisto00thye_0136.png"; bbox 0 0 1811 3358; ppageno 0'>
   <div class='ocr_carea' id='block_1_1' title="bbox 899 251 992 309">
    <p class='ocr_par' dir='ltr' id='par_1_1' title="bbox 899 251 992 309">
     <span class='ocr_line' id='line_1_1' title="bbox 899 251 992 309; baseline -0.011 0"><span class='ocrx_word' id='word_1_1' title='bbox 899 251 992 309; x_wconf 79' lang='lat'>126</span> 
     </span>
    </p>
   </div>
   <div class='ocr_carea' id='block_1_2' title="bbox 262 393 1615 2304">
    <p class='ocr_par' dir='ltr' id='par_1_2' title="bbox 262 393 1615 2304">
     <span class='ocr_line' id='line_1_2' title="bbox 273 393 1612 458; baseline -0.007 -13"><span class='ocrx_word' id='word_1_2' title='bbox 273 408 322 446; x_wconf 86' lang='lat' dir='ltr'>et</span> <span class='ocrx_word' id='word_1_3' title='bbox 366 400 650 446; x_wconf 86' lang='lat' dir='ltr'>Comitatum</span> <span class='ocrx_word' id='word_1_4' title='bbox 693 393 992 457; x_wconf 85' lang='lat' dir='ltr'>Zutphaniac</span> <span class='ocrx_word' id='word_1_5' title='bbox 1032 395 1202 454; x_wconf 80' lang='lat' dir='ltr'>quovis</span> <span class='ocrx_word' id='word_1_6' title='bbox 1245 393 1386 440; x_wconf 88' lang='lat' dir='ltr'>modo</span> <span class='ocrx_word' id='word_1_7' title='bbox 1422 410 1612 458; x_wconf 71' lang='lat' dir='ltr'>compe-</span> 
     </span>
     <span class='ocr_line' id='line_1_3' title="bbox 271 476 1614 541; baseline -0.005 -12"><span class='ocrx_word' id='word_1_8' title='bbox 271 492 375 528; x_wconf 88' lang='lat' dir='ltr'>tens</span> <span class='ocrx_word' id='word_1_9' title='bbox 410 491 493 528; x_wconf 91' lang='lat' dir='ltr'>aut</span> <span class='ocrx_word' id='word_1_10' title='bbox 535 487 807 541; x_wconf 84' lang='lat' dir='ltr'>competere</span> <span class='ocrx_word' id='word_1_11' title='bbox 843 486 1044 539; x_wconf 89' lang='lat' dir='ltr'>potens,</span> <span class='ocrx_word' id='word_1_12' title='bbox 1089 477 1222 522; x_wconf 90' lang='lat' dir='ltr'>nullo</span> <span class='ocrx_word' id='word_1_13' title='bbox 1263 477 1456 538; x_wconf 89' lang='lat' dir='ltr'>penitus</span> <span class='ocrx_word' id='word_1_14' title='bbox 1484 476 1614 522; x_wconf 89' lang='lat' dir='ltr'>dem-</span> 
     </span>
     <span class='ocr_line' id='line_1_4' title="bbox 269 557 1613 620; baseline -0.004 -11"><span class='ocrx_word' id='word_1_15' title='bbox 269 572 339 616; x_wconf 88' lang='lat' dir='ltr'>to,</span> <span class='ocrx_word' id='word_1_16' title='bbox 370 564 546 608; x_wconf 82' lang='lat' dir='ltr'>illustri</span> <span class='ocrx_word' id='word_1_17' title='bbox 578 560 746 607; x_wconf 85' lang='lat' dir='ltr'>Carolo</span> <span class='ocrx_word' id='word_1_18' title='bbox 779 558 1094 620; x_wconf 84' lang='lat' dir='ltr'>Burgundiae</span> <span class='ocrx_word' id='word_1_19' title='bbox 1120 564 1210 604; x_wconf 86' lang='lat' dir='ltr'>ete.</span> <span class='ocrx_word' id='word_1_20' title='bbox 1239 557 1377 609; x_wconf 91' lang='lat' dir='ltr'>duci,</span> <span class='ocrx_word' id='word_1_21' title='bbox 1416 573 1613 603; x_wconf 84' lang='lat' dir='ltr'>consan—</span> 
     </span>
     <span class='ocr_line' id='line_1_5' title="bbox 269 637 1614 705; baseline -0.004 -16"><span class='ocrx_word' id='word_1_22' title='bbox 269 644 441 705; x_wconf 85' lang='lat' dir='ltr'>guineo</span> <span class='ocrx_word' id='word_1_23' title='bbox 502 650 666 687; x_wconf 83' lang='lat' dir='ltr'>nostro</span> <span class='ocrx_word' id='word_1_24' title='bbox 720 640 965 686; x_wconf 80' lang='lat' dir='ltr'>carissimo</span> <span class='ocrx_word' id='word_1_25' title='bbox 1040 638 1260 691; x_wconf 84' lang='lat' dir='ltr'>dederit,</span> <span class='ocrx_word' id='word_1_26' title='bbox 1322 637 1517 682; x_wconf 87' lang='lat' dir='ltr'>cesserit</span> <span class='ocrx_word' id='word_1_27' title='bbox 1565 646 1614 683; x_wconf 87' lang='lat' dir='ltr'>et</span> 
     </span>
     <span class='ocr_line' id='line_1_6' title="bbox 267 718 1615 785; baseline -0.006 -15"><span class='ocrx_word' id='word_1_28' title='bbox 267 723 700 785; x_wconf 83' lang='lat' dir='ltr'>transportaverit,</span> <span class='ocrx_word' id='word_1_29' title='bbox 748 721 822 766; x_wconf 90' lang='lat' dir='ltr'>uti</span> <span class='ocrx_word' id='word_1_30' title='bbox 873 719 933 765; x_wconf 89' lang='lat' dir='ltr'>de</span> <span class='ocrx_word' id='word_1_31' title='bbox 983 718 1260 780; x_wconf 89' lang='lat' dir='ltr'>hujusmodi</span> <span class='ocrx_word' id='word_1_32' title='bbox 1311 733 1400 779; x_wconf 89' lang='lat' dir='ltr'>per</span> <span class='ocrx_word' id='word_1_33' title='bbox 1443 718 1615 763; x_wconf 85' lang='lat' dir='ltr'>solem-</span> 
     </span>
     <span class='ocr_line' id='line_1_7' title="bbox 266 797 1613 861; baseline -0.006 -10"><span class='ocrx_word' id='word_1_34' title='bbox 266 807 347 851; x_wconf 85' lang='lat' dir='ltr'>nia</span> <span class='ocrx_word' id='word_1_35' title='bbox 382 805 669 849; x_wconf 86' lang='lat' dir='ltr'>documenta</span> <span class='ocrx_word' id='word_1_36' title='bbox 705 802 851 847; x_wconf 89' lang='lat' dir='ltr'>Ducis</span> <span class='ocrx_word' id='word_1_37' title='bbox 885 800 1093 848; x_wconf 83' lang='lat' dir='ltr'>Gerardi</span> <span class='ocrx_word' id='word_1_38' title='bbox 1126 798 1361 861; x_wconf 85' lang='lat' dir='ltr'>praefati,</span> <span class='ocrx_word' id='word_1_39' title='bbox 1399 815 1452 844; x_wconf 86' lang='lat' dir='ltr'>ac</span> <span class='ocrx_word' id='word_1_40' title='bbox 1489 797 1613 846; x_wconf 88' lang='lat' dir='ltr'>Ger-</span> 
     </span>
     <span class='ocr_line' id='line_1_8' title="bbox 269 879 1611 943; baseline -0.006 -11"><span class='ocrx_word' id='word_1_41' title='bbox 269 885 375 932; x_wconf 81' lang='lat' dir='ltr'>ardi</span> <span class='ocrx_word' id='word_1_42' title='bbox 415 893 464 931; x_wconf 91' lang='lat' dir='ltr'>et</span> <span class='ocrx_word' id='word_1_43' title='bbox 510 881 751 943; x_wconf 88' lang='lat' dir='ltr'>Adolphi‚</span> <span class='ocrx_word' id='word_1_44' title='bbox 805 881 908 940; x_wconf 86' lang='lat' dir='ltr'>ejus</span> <span class='ocrx_word' id='word_1_45' title='bbox 957 879 1169 924; x_wconf 86' lang='lat' dir='ltr'>filiorum</span> <span class='ocrx_word' id='word_1_46' title='bbox 1225 879 1388 939; x_wconf 78' lang='lat' dir='ltr'>sigillis</span> <span class='ocrx_word' id='word_1_47' title='bbox 1439 879 1611 941; x_wconf 89' lang='lat' dir='ltr'>inpen-</span> 
     </span>
     <span class='ocr_line' id='line_1_9' title="bbox 267 960 1612 1020; baseline -0.004 -9"><span class='ocrx_word' id='word_1_48' title='bbox 267 965 518 1015; x_wconf 79' lang='lat' dir='ltr'>dentibus,</span> <span class='ocrx_word' id='word_1_49' title='bbox 559 963 769 1013; x_wconf 87' lang='lat' dir='ltr'>munita,</span> <span class='ocrx_word' id='word_1_50' title='bbox 826 976 985 1005; x_wconf 81' lang='lat' dir='ltr'>coram</span> <span class='ocrx_word' id='word_1_51' title='bbox 1032 960 1169 1004; x_wconf 89' lang='lat' dir='ltr'>nobis</span> <span class='ocrx_word' id='word_1_52' title='bbox 1209 960 1473 1020; x_wconf 79' lang='lat' dir='ltr'>producta,</span> <span class='ocrx_word' id='word_1_53' title='bbox 1510 961 1612 1006; x_wconf 79' lang='lat' dir='ltr'>evi-</span> 
     </span>
     <span class='ocr_line' id='line_1_10' title="bbox 270 1039 1611 1089; baseline -0.004 0"><span class='ocrx_word' id='word_1_54' title='bbox 270 1043 545 1089; x_wconf 86' lang='lat' dir='ltr'>dentissime</span> <span class='ocrx_word' id='word_1_55' title='bbox 579 1048 788 1086; x_wconf 80' lang='lat' dir='ltr'>cavetur.</span> <span class='ocrx_word' id='word_1_56' title='bbox 857 1039 917 1083; x_wconf 85' lang='lat' dir='ltr'>Et</span> <span class='ocrx_word' id='word_1_57' title='bbox 954 1055 1061 1083; x_wconf 86' lang='lat' dir='ltr'>cum</span> <span class='ocrx_word' id='word_1_58' title='bbox 1108 1039 1320 1083; x_wconf 86' lang='lat' dir='ltr'>Ducatus</span> <span class='ocrx_word' id='word_1_59' title='bbox 1364 1047 1413 1084; x_wconf 91' lang='lat' dir='ltr'>et</span> <span class='ocrx_word' id='word_1_60' title='bbox 1456 1040 1611 1084; x_wconf 87' lang='lat' dir='ltr'>Comi-</span> 
     </span>
     <span class='ocr_line' id='line_1_11' title="bbox 267 1118 1607 1184; baseline -0.005 -14"><span class='ocrx_word' id='word_1_61' title='bbox 267 1133 393 1171; x_wconf 86' lang='lat' dir='ltr'>tatus</span> <span class='ocrx_word' id='word_1_62' title='bbox 445 1120 671 1184; x_wconf 82' lang='lat' dir='ltr'>praefati,</span> <span class='ocrx_word' id='word_1_63' title='bbox 709 1137 735 1165; x_wconf 85' lang='lat' dir='ltr'>a</span> <span class='ocrx_word' id='word_1_64' title='bbox 772 1118 910 1163; x_wconf 82' lang='lat' dir='ltr'>nobis</span> <span class='ocrx_word' id='word_1_65' title='bbox 956 1134 1189 1179; x_wconf 85' lang='lat' dir='ltr'>sacroque</span> <span class='ocrx_word' id='word_1_66' title='bbox 1241 1118 1457 1164; x_wconf 88' lang='lat' dir='ltr'>Romano</span> <span class='ocrx_word' id='word_1_67' title='bbox 1510 1119 1607 1163; x_wconf 91' lang='lat' dir='ltr'>Im-</span> 
     </span>
     <span class='ocr_line' id='line_1_12' title="bbox 262 1197 1603 1265; baseline -0.004 -16"><span class='ocrx_word' id='word_1_68' title='bbox 262 1205 400 1265; x_wconf 85' lang='lat' dir='ltr'>perio</span> <span class='ocrx_word' id='word_1_69' title='bbox 461 1203 511 1247; x_wconf 85' lang='lat' dir='ltr'>in</span> <span class='ocrx_word' id='word_1_70' title='bbox 561 1200 756 1246; x_wconf 87' lang='lat' dir='ltr'>feudum</span> <span class='ocrx_word' id='word_1_71' title='bbox 800 1198 1129 1260; x_wconf 85' lang='lat' dir='ltr'>dependeant,</span> <span class='ocrx_word' id='word_1_72' title='bbox 1179 1197 1318 1243; x_wconf 87' lang='lat' dir='ltr'>nobis</span> <span class='ocrx_word' id='word_1_73' title='bbox 1367 1197 1460 1243; x_wconf 85' lang='lat' dir='ltr'>fuit</span> <span class='ocrx_word' id='word_1_74' title='bbox 1515 1215 1603 1260; x_wconf 82' lang='lat' dir='ltr'>pei·</span> 
     </span>
     <span class='ocr_line' id='line_1_13' title="bbox 265 1278 1606 1344; baseline -0.003 -16"><span class='ocrx_word' id='word_1_75' title='bbox 265 1283 667 1344; x_wconf 79' lang='lat' dir='ltr'>consanguineum</span> <span class='ocrx_word' id='word_1_76' title='bbox 699 1287 917 1324; x_wconf 85' lang='lat' dir='ltr'>nostrum</span> <span class='ocrx_word' id='word_1_77' title='bbox 957 1279 1177 1324; x_wconf 89' lang='lat' dir='ltr'>Carolum</span> <span class='ocrx_word' id='word_1_78' title='bbox 1218 1278 1326 1323; x_wconf 86' lang='lat' dir='ltr'>viva</span> <span class='ocrx_word' id='word_1_79' title='bbox 1360 1294 1506 1330; x_wconf 85' lang='lat' dir='ltr'>voce,</span> <span class='ocrx_word' id='word_1_80' title='bbox 1553 1295 1606 1324; x_wconf 82' lang='lat' dir='ltr'>ac</span> 
     </span>
     <span class='ocr_line' id='line_1_14' title="bbox 265 1359 1608 1426; baseline -0.005 -16"><span class='ocrx_word' id='word_1_81' title='bbox 265 1382 356 1426; x_wconf 83' lang='lat' dir='ltr'>per</span> <span class='ocrx_word' id='word_1_82' title='bbox 396 1362 667 1410; x_wconf 78' lang='lat' dir='ltr'>Germ-dum</span> <span class='ocrx_word' id='word_1_83' title='bbox 703 1368 792 1406; x_wconf 90' lang='lat' dir='ltr'>etc.</span> <span class='ocrx_word' id='word_1_84' title='bbox 828 1360 984 1404; x_wconf 82' lang='lat' dir='ltr'>Duces</span> <span class='ocrx_word' id='word_1_85' title='bbox 1011 1359 1280 1420; x_wconf 62' lang='lat' dir='ltr'>praestum,</span> <span class='ocrx_word' id='word_1_86' title='bbox 1330 1359 1608 1420; x_wconf 82' lang='lat' dir='ltr'>patentibus</span> 
     </span>
     <span class='ocr_line' id='line_1_15' title="bbox 265 1438 1603 1491; baseline -0.004 -2"><span class='ocrx_word' id='word_1_87' title='bbox 265 1445 361 1490; x_wconf 79' lang='lat' dir='ltr'>suis</span> <span class='ocrx_word' id='word_1_88' title='bbox 399 1443 554 1488; x_wconf 86' lang='lat' dir='ltr'>literis</span> <span class='ocrx_word' id='word_1_89' title='bbox 594 1457 648 1486; x_wconf 86' lang='lat' dir='ltr'>ac</span> <span class='ocrx_word' id='word_1_90' title='bbox 696 1439 968 1485; x_wconf 83' lang='lat' dir='ltr'>oratoribus</span> <span class='ocrx_word' id='word_1_91' title='bbox 1001 1438 1460 1491; x_wconf 84' lang='lat' dir='ltr'>intervenientibus,</span> <span class='ocrx_word' id='word_1_92' title='bbox 1495 1455 1603 1484; x_wconf 86' lang='lat' dir='ltr'>cum</span> 
     </span>
     <span class='ocr_line' id='line_1_16' title="bbox 264 1518 1607 1582; baseline -0.006 -12"><span class='ocrx_word' id='word_1_93' title='bbox 264 1524 490 1570; x_wconf 69' lang='lat' dir='ltr'>instantia</span> <span class='ocrx_word' id='word_1_94' title='bbox 510 1521 850 1582; x_wconf 85' lang='lat' dir='ltr'>supplicatum,</span> <span class='ocrx_word' id='word_1_95' title='bbox 871 1527 927 1564; x_wconf 92' lang='lat' dir='ltr'>ut</span> <span class='ocrx_word' id='word_1_96' title='bbox 947 1518 1124 1564; x_wconf 77' lang='lat' dir='ltr'>eisdem</span> <span class='ocrx_word' id='word_1_97' title='bbox 1147 1518 1477 1579; x_wconf 78' lang='lat' dir='ltr'>gratificando,</span> <span class='ocrx_word' id='word_1_98' title='bbox 1507 1536 1607 1564; x_wconf 76' lang='lat' dir='ltr'>ces-</span> 
     </span>
     <span class='ocr_line' id='line_1_17' title="bbox 267 1599 1610 1661; baseline -0.005 -11"><span class='ocrx_word' id='word_1_99' title='bbox 267 1607 467 1655; x_wconf 85' lang='lat' dir='ltr'>sionem,</span> <span class='ocrx_word' id='word_1_100' title='bbox 497 1600 954 1661; x_wconf 80' lang='lat' dir='ltr'>transportationem</span> <span class='ocrx_word' id='word_1_101' title='bbox 999 1607 1047 1643; x_wconf 88' lang='lat' dir='ltr'>et</span> <span class='ocrx_word' id='word_1_102' title='bbox 1073 1599 1435 1658; x_wconf 84' lang='lat' dir='ltr'>dispositionem</span> <span class='ocrx_word' id='word_1_103' title='bbox 1470 1616 1610 1660; x_wconf 82' lang='lat' dir='ltr'>prae-</span> 
     </span>
     <span class='ocr_line' id='line_1_18' title="bbox 265 1677 1612 1738; baseline -0.007 -7"><span class='ocrx_word' id='word_1_104' title='bbox 265 1692 507 1731; x_wconf 78' lang='lat' dir='ltr'>narratam</span> <span class='ocrx_word' id='word_1_105' title='bbox 551 1679 818 1729; x_wconf 85' lang='lat' dir='ltr'>ratificare,</span> <span class='ocrx_word' id='word_1_106' title='bbox 856 1677 1126 1738; x_wconf 84' lang='lat' dir='ltr'>approhare</span> <span class='ocrx_word' id='word_1_107' title='bbox 1171 1685 1220 1722; x_wconf 86' lang='lat' dir='ltr'>et</span> <span class='ocrx_word' id='word_1_108' title='bbox 1251 1678 1471 1722; x_wconf 84' lang='lat' dir='ltr'>Carolum</span> <span class='ocrx_word' id='word_1_109' title='bbox 1499 1695 1612 1722; x_wconf 87' lang='lat' dir='ltr'>eon-</span> 
     </span>
     <span class='ocr_line' id='line_1_19' title="bbox 266 1756 1613 1826; baseline -0.007 -15"><span class='ocrx_word' id='word_1_110' title='bbox 266 1766 577 1826; x_wconf 81' lang='lat' dir='ltr'>sanguineum</span> <span class='ocrx_word' id='word_1_111' title='bbox 610 1767 829 1804; x_wconf 84' lang='lat' dir='ltr'>nostrum</span> <span class='ocrx_word' id='word_1_112' title='bbox 863 1757 1133 1819; x_wconf 83' lang='lat' dir='ltr'>praefatum</span> <span class='ocrx_word' id='word_1_113' title='bbox 1153 1793 1162 1809; x_wconf 92' lang='lat'>,</span> <span class='ocrx_word' id='word_1_114' title='bbox 1195 1757 1256 1802; x_wconf 90' lang='lat' dir='ltr'>de</span> <span class='ocrx_word' id='word_1_115' title='bbox 1291 1757 1480 1802; x_wconf 85' lang='lat' dir='ltr'>Ducatu</span> <span class='ocrx_word' id='word_1_116' title='bbox 1499 1756 1613 1803; x_wconf 81' lang='lat' dir='ltr'>Gel-</span> 
     </span>
     <span class='ocr_line' id='line_1_20' title="bbox 267 1838 1609 1905; baseline -0.007 -13"><span class='ocrx_word' id='word_1_117' title='bbox 267 1846 367 1891; x_wconf 86' lang='lat' dir='ltr'>riae</span> <span class='ocrx_word' id='word_1_118' title='bbox 390 1851 438 1889; x_wconf 90' lang='lat' dir='ltr'>et</span> <span class='ocrx_word' id='word_1_119' title='bbox 457 1841 702 1905; x_wconf 82' lang='lat' dir='ltr'>¹Comitatu</span> <span class='ocrx_word' id='word_1_120' title='bbox 739 1838 1038 1900; x_wconf 84' lang='lat' dir='ltr'>Zutphaniae</span> <span class='ocrx_word' id='word_1_121' title='bbox 1067 1838 1181 1898; x_wconf 87' lang='lat' dir='ltr'>jure</span> <span class='ocrx_word' id='word_1_122' title='bbox 1214 1838 1437 1884; x_wconf 86' lang='lat' dir='ltr'>cessionis</span> <span class='ocrx_word' id='word_1_123' title='bbox 1468 1854 1609 1899; x_wconf 85' lang='lat' dir='ltr'>prae-</span> 
     </span>
     <span class='ocr_line' id='line_1_21' title="bbox 266 1917 1609 1972; baseline -0.008 0"><span class='ocrx_word' id='word_1_124' title='bbox 266 1925 354 1972; x_wconf 79' lang='lat' dir='ltr'>fati</span> <span class='ocrx_word' id='word_1_125' title='bbox 402 1921 609 1971; x_wconf 87' lang='lat' dir='ltr'>Gerardi</span> <span class='ocrx_word' id='word_1_126' title='bbox 640 1920 785 1965; x_wconf 92' lang='lat' dir='ltr'>Ducis</span> <span class='ocrx_word' id='word_1_127' title='bbox 817 1919 1129 1970; x_wconf 83' lang='lat' dir='ltr'>Juliacensis,</span> <span class='ocrx_word' id='word_1_128' title='bbox 1164 1934 1253 1963; x_wconf 89' lang='lat' dir='ltr'>nee</span> <span class='ocrx_word' id='word_1_129' title='bbox 1284 1934 1381 1963; x_wconf 88' lang='lat' dir='ltr'>non</span> <span class='ocrx_word' id='word_1_130' title='bbox 1415 1917 1475 1963; x_wconf 90' lang='lat' dir='ltr'>de</span> <span class='ocrx_word' id='word_1_131' title='bbox 1512 1934 1609 1962; x_wconf 89' lang='lat' dir='ltr'>om-</span> 
     </span>
     <span class='ocr_line' id='line_1_22' title="bbox 266 1998 1609 2063; baseline -0.007 -11"><span class='ocrx_word' id='word_1_132' title='bbox 266 2007 318 2052; x_wconf 91' lang='lat' dir='ltr'>ni</span> <span class='ocrx_word' id='word_1_133' title='bbox 353 2006 447 2050; x_wconf 88' lang='lat' dir='ltr'>alio</span> <span class='ocrx_word' id='word_1_134' title='bbox 490 2003 603 2063; x_wconf 83' lang='lat' dir='ltr'>jure</span> <span class='ocrx_word' id='word_1_135' title='bbox 650 2000 740 2045; x_wconf 89' lang='lat' dir='ltr'>sibi</span> <span class='ocrx_word' id='word_1_136' title='bbox 792 2000 842 2043; x_wconf 91' lang='lat' dir='ltr'>in</span> <span class='ocrx_word' id='word_1_137' title='bbox 891 1998 1059 2043; x_wconf 91' lang='lat' dir='ltr'>iisdem</span> <span class='ocrx_word' id='word_1_138' title='bbox 1106 1998 1286 2043; x_wconf 77' lang='lat' dir='ltr'>ducatu</span> <span class='ocrx_word' id='word_1_139' title='bbox 1317 2006 1366 2044; x_wconf 89' lang='lat' dir='ltr'>et</span> <span class='ocrx_word' id='word_1_140' title='bbox 1415 2000 1609 2043; x_wconf 87' lang='lat' dir='ltr'>comita-</span> 
     </span>
     <span class='ocr_line' id='line_1_23' title="bbox 266 2078 1609 2142; baseline -0.007 -10"><span class='ocrx_word' id='word_1_141' title='bbox 266 2095 321 2133; x_wconf 92' lang='lat' dir='ltr'>tu</span> <span class='ocrx_word' id='word_1_142' title='bbox 374 2092 512 2130; x_wconf 84' lang='lat' dir='ltr'>antea</span> <span class='ocrx_word' id='word_1_143' title='bbox 553 2087 884 2142; x_wconf 86' lang='lat' dir='ltr'>competente,</span> <span class='ocrx_word' id='word_1_144' title='bbox 921 2095 1004 2123; x_wconf 86' lang='lat' dir='ltr'>seu</span> <span class='ocrx_word' id='word_1_145' title='bbox 1035 2078 1167 2138; x_wconf 88' lang='lat' dir='ltr'>quod</span> <span class='ocrx_word' id='word_1_146' title='bbox 1203 2094 1331 2123; x_wconf 90' lang='lat' dir='ltr'>nune</span> <span class='ocrx_word' id='word_1_147' title='bbox 1362 2079 1452 2124; x_wconf 87' lang='lat' dir='ltr'>sibi</span> <span class='ocrx_word' id='word_1_148' title='bbox 1484 2095 1609 2124; x_wconf 90' lang='lat' dir='ltr'>com-</span> 
     </span>
     <span class='ocr_line' id='line_1_24' title="bbox 270 2160 1609 2230; baseline -0.008 -17"><span class='ocrx_word' id='word_1_149' title='bbox 270 2168 420 2230; x_wconf 90' lang='lat' dir='ltr'>petit,</span> <span class='ocrx_word' id='word_1_150' title='bbox 457 2173 505 2211; x_wconf 88' lang='lat' dir='ltr'>et</span> <span class='ocrx_word' id='word_1_151' title='bbox 541 2164 721 2224; x_wconf 87' lang='lat' dir='ltr'>absque</span> <span class='ocrx_word' id='word_1_152' title='bbox 760 2162 907 2223; x_wconf 86' lang='lat' dir='ltr'>ipsius</span> <span class='ocrx_word' id='word_1_153' title='bbox 949 2161 1076 2220; x_wconf 83' lang='lat' dir='ltr'>juris</span> <span class='ocrx_word' id='word_1_154' title='bbox 1116 2160 1416 2221; x_wconf 87' lang='lat' dir='ltr'>praejudicio</span> <span class='ocrx_word' id='word_1_155' title='bbox 1456 2160 1609 2203; x_wconf 85' lang='lat' dir='ltr'>inves-</span> 
     </span>
     <span class='ocr_line' id='line_1_25' title="bbox 272 2240 1609 2304; baseline -0.008 -10"><span class='ocrx_word' id='word_1_156' title='bbox 272 2250 364 2295; x_wconf 86' lang='lat' dir='ltr'>tire</span> <span class='ocrx_word' id='word_1_157' title='bbox 401 2256 448 2293; x_wconf 88' lang='lat' dir='ltr'>ct</span> <span class='ocrx_word' id='word_1_158' title='bbox 495 2245 745 2290; x_wconf 80' lang='lat' dir='ltr'>infeudare</span> <span class='ocrx_word' id='word_1_159' title='bbox 794 2244 1128 2304; x_wconf 83' lang='lat' dir='ltr'>dignaremur,</span> <span class='ocrx_word' id='word_1_160' title='bbox 1179 2259 1267 2303; x_wconf 83' lang='lat' dir='ltr'>pro</span> <span class='ocrx_word' id='word_1_161' title='bbox 1321 2258 1368 2286; x_wconf 83' lang='lat' dir='ltr'>se</span> <span class='ocrx_word' id='word_1_162' title='bbox 1418 2240 1609 2298; x_wconf 87' lang='lat' dir='ltr'>suisque</span> 
     </span>
    </p>
   </div>
   <div class='ocr_carea' id='block_1_3' title="bbox 269 2321 1606 2375">
    <p class='ocr_par' dir='ltr' id='par_1_3' title="bbox 269 2321 1606 2375">
     <span class='ocr_line' id='line_1_26' title="bbox 269 2321 1606 2375; baseline -0.01 -1"><span class='ocrx_word' id='word_1_163' title='bbox 269 2327 527 2375; x_wconf 83' lang='lat' dir='ltr'>heredibus</span> <span class='ocrx_word' id='word_1_164' title='bbox 576 2335 624 2373; x_wconf 84' lang='lat' dir='ltr'>et</span> <span class='ocrx_word' id='word_1_165' title='bbox 668 2325 1014 2373; x_wconf 71' lang='lat' dir='ltr'>suecessoribus</span> <span class='ocrx_word' id='word_1_166' title='bbox 1052 2326 1337 2372; x_wconf 84' lang='lat' dir='ltr'>Brabantiae</span> <span class='ocrx_word' id='word_1_167' title='bbox 1384 2321 1606 2368; x_wconf 68' lang='lat' dir='ltr'>Ducibus.</span> 
     </span>
    </p>
   </div>
  </div>
 </body>
</html>
