1811 3358
872 207 929 265 ‘47

252 353 414 409 titcm;
466 352 696 399 Rcinaldo
746 350 1142 411 consanguineum
1192 365 1244 392 ac
1296 349 1434 394 fidem
1469 351 1566 394 val-⁷

252 433 408 493 deque
442 448 602 477 carum
628 431 841 491 ejusdcm
882 429 1070 490 parenti
1108 428 1340 474 Reinaldo
1389 430 1457 481 11,
1492 430 1567 473 cui

252 527 304 555 re
339 511 630 571 consilioque
677 516 726 554 in
770 509 911 554 rebus
954 509 1244 554 difficillimis
1291 524 1429 568 saepe
1480 526 1570 552 nu-

248 605 377 634 mero
408 588 649 640 adfuerat,
692 596 741 634 et
787 589 860 632 illi
907 589 1109 633 vicissim
1160 587 1421 634 Reinaldus
1461 586 1568 630 dux.

250 669 338 715 Vir
389 667 479 713 suit
528 683 702 712 summa
762 668 813 710 in
873 667 975 710 aliis
1031 666 1173 711 rebus
1228 665 1459 727 sapientia
1517 680 1572 709 ac

246 748 571 793 moderatione
617 746 864 808 praeditus
898 745 959 790 ad
984 761 1113 790 arma
1140 753 1297 791 tamen
1341 744 1471 790 haud
1501 761 1573 788 sc-

245 827 340 871 mel
369 824 598 887 impulsus
629 825 710 871 sed
744 832 798 869 ut
832 825 1089 885 plurimum
1119 824 1309 871 invitus,
1375 825 1434 869 Ei
1466 840 1576 885 pos-

244 913 449 952 {remum
492 906 835 952 Dionantenses
860 906 1103 966 negotium
1134 904 1365 950 facessere
1400 918 1571 964 coepe—

242 976 379 1039 rant,
423 986 680 1032 trudidatis
722 1002 748 1030 e
797 986 973 1031 familia
1018 985 1168 1045 ipsius
1207 985 1322 1030 viris
1363 991 1572 1044 quatuor

241 1065 498 1111 nobilitate
541 1065 693 1111 claris.
761 1064 913 1125 Quam
966 1080 1065 1110 rem
1096 1064 1214 1110 adeo
1259 1079 1398 1125 aegre
1433 1063 1569 1113 tulit,

242 1137 302 1188 ut
356 1143 469 1189 inde
524 1144 652 1190 haud
702 1143 851 1188 multo
899 1151 1007 1204 post
1054 1150 1298 1188 contracta
1358 1142 1573 1202 corporis

243 1222 487 1282 animique
521 1222 821 1283 aegritudine
860 1229 1075 1267 mortuus
1109 1221 1270 1267 fuerit.

306 1300 449 1347 Anno
481 1300 606 1348 1346
640 1302 899 1349 Reinaldus
930 1318 1024 1348 una
1059 1317 1168 1347 cum
1201 1301 1424 1348 Eduardo
1469 1318 1573 1362 gra-

239 1381 486 1426 -vissimum
519 1380 698 1426 bellum
732 1384 874 1443 gessit
904 1390 1068 1428 contra
1121 1383 1355 1439 Francos3
1415 1382 1569 1426 vietor

241 1459 336 1505 fuit
364 1459 615 1506 Eduardus
660 1463 710 1506 in
751 1462 937 1523 proelio
976 1477 1129 1522 prope
1163 1462 1481 1511 Cressiacum‚
1519 1462 1568 1504 in

239 1554 338 1599 quo
372 1542 549 1586 mortui
596 1549 707 1585 sunt
755 1540 916 1587 30000
949 1540 1146 1592 Milites,
1193 1541 1247 1584 Il
1296 1541 1567 1602 Principes,

240 1619 306 1667 80
338 1619 530 1667 Domini
557 1630 605 1668 et
639 1621 698 1667 12
729 1621 941 1682 Equites.

303 1701 538 1746 Reinaldo
584 1703 769 1747 interea
829 1703 878 1746 in
928 1703 1091 1747 castris
1138 1710 1187 1748 et
1233 1701 1361 1763 apud
1409 1716 1568 1761 regem

240 1780 527 1825 avunculum
561 1780 847 1840 amitamque
881 1780 1163 1841 Philippum
1211 1782 1445 1841 reginam,
1490 1798 1569 1825 co—

238 1858 349 1902 dem
392 1875 418 1904 a
454 1874 564 1920 rege
596 1867 868 1911 evocatam,
922 1875 1028 1904 cum
1063 1860 1214 1910 mille
1258 1876 1342 1904 suo
1378 1869 1426 1906 et
1454 1878 1567 1922 pro-

240 1953 403 1983 cerum
453 1940 724 2000 praecipuis
776 1939 1014 2000 agitante,
1073 1938 1203 1984 haud
1243 1941 1426 2001 ‘exiguis
1480 1942 1567 1985 im-

238 2020 397 2076 pensis
437 2018 718 2077 damnisque
753 2016 925 2062 affecta
955 2015 1083 2061 domi
1118 2016 1305 2070 Gelria,
1346 2018 1458 2063 dum
1491 2036 1567 2065 ca-

239 2097 340 2155 pite
380 2107 426 2142 et
461 2098 726 2143 rectoribus
757 2098 851 2143 suis
882 2097 1112 2142 destituta
1143 2098 1412 2159 respublica
1445 2100 1568 2146 fluc-

238 2184 355 2220 tuat.
430 2178 545 2224 Nam
590 2187 637 2223 et
682 2186 845 2239 partes
898 2177 1175 2224 Hekeranas
1226 2177 1564 2228 Bronchortia-

241 2270 449 2317 nasque,
478 2259 568 2303 hoc
606 2259 797 2305 circiter
827 2267 1071 2320 tempore,
1108 2266 1242 2304 natas
1283 2259 1445 2313 fuisse,
1479 2262 1563 2306 do-

237 2337 433 2382 mestica
479 2346 585 2383 acta
630 2338 760 2384 haud
811 2338 1011 2384 obscure
1058 2340 1290 2396 innuunt3
1338 2355 1463 2399 quae
1514 2342 1563 2385 in

241 2424 458 2475 apertum
511 2419 814 2479 postmodum
867 2427 1169 2480 erumpentes
1227 2418 1436 2464 maximis
1481 2420 1563 2465 has

241 2510 342 2539 oras
387 2498 536 2544 ruinis
583 2516 638 2545 ac
690 2500 1050 2546 difficultatibus
1102 2499 1433 2556 involverunt3
1490 2501 1560 2545 hi>-

239 2573 510 2622 ‘fidum-dum
548 2580 742 2625 fratrem
764 2581 1030 2639 juniorem,
1065 2579 1155 2622 illis
1188 2579 1417 2638 majorem
1448 2589 1560 2625 natu
