1811 3358
823 238 884 284 62

199 369 482 416 brabantiae
523 368 693 420 Ducis,
741 370 826 428 qui
872 375 1072 429 patruus
1111 375 1216 412 crat
1249 368 1521 415 chccslai

198 448 534 510 Imperatoris,
591 447 748 492 obitus
805 464 912 493 cum
975 446 1143 493 exinde
1197 448 1368 508 conjux
1420 445 1523 504 ejus

199 530 415 576 Johanna
444 527 586 571 nullis
622 543 677 571 ex
728 528 830 588 ipso
865 527 1030 572 liberis
1076 529 1227 581 natis,
1295 543 1368 571 res
1426 539 1526 568 mo-

198 611 356 656 derari
390 607 649 667 coepisset3
687 608 985 652 excursiones
1017 609 1065 651 in
1091 624 1196 652 oras
1231 606 1422 654 Geli-iae
1454 604 1528 648 in-

199 692 396 735 stituere
437 688 641 747 aggressi
677 687 931 732 facinorosi
964 687 1150 747 aliquot
1197 703 1252 732 ac
1287 685 1528 731 temerita-

201 772 260 815 tis
303 777 538 815 extremae
582 767 702 820 viri,
738 768 850 813 hinc
893 784 1132 813 excessum
1170 767 1404 829 principis
1456 765 1527 809 sui

197 849 473 898 Wenceslai
506 846 617 892 inde
649 846 910 894 absentiam
941 847 1185 895 Guilielmi
1209 847 1401 895 Geli-iae
1429 847 1528 891 Du-

203 931 269 975 cis
319 930 572 974 intuentes.
651 927 715 972 Hi
774 928 952 973 Mosam
1011 928 1289 989 transgressi
1356 941 1529 987 pagum

202 1008 485 1069 quemdam,
524 1006 789 1051 Vermercn
822 1006 1003 1051 dictum
1035 1008 1291 1067 parochiae
1322 1006 1531 1052 Vichen-

202 1088 263 1133 sis
295 1087 345 1131 in
374 1085 556 1130 ditione
588 1085 733 1129 situm
782 1084 1119 1145 Neomagensi,
1169 1085 1428 1136 invadunt,
1478 1100 1532 1129 ae

201 1165 408 1217 ibidem,
440 1164 644 1209 incensis
691 1163 912 1218 aedibus,
949 1165 1188 1225 hospitem
1225 1180 1390 1210 carum
1422 1180 1534 1225 cap-

203 1246 355 1290 tivum
385 1258 543 1301 secum
591 1250 722 1287 trans
747 1242 926 1287 flumen
968 1242 1241 1295 abducunt,
1287 1252 1432 1304 atquc
1479 1259 1533 1287 cx

204 1324 376 1369 arbore
419 1321 727 1384 suspendunt.
796 1322 937 1383 Quod
982 1339 1088 1368 cum
1131 1323 1254 1368 Duci
1288 1323 1418 1384 apud
1443 1323 1536 1368 Bo-

202 1420 361 1450 russos
435 1402 592 1447 adhuc
673 1412 963 1448 commorato
1026 1404 1132 1447 citis
1209 1403 1397 1447 nunciis
1462 1417 1535 1446 es-

205 1493 276 1529 sct
311 1483 647 1544 significatum,
697 1498 807 1528 eum
857 1482 986 1527 haud
1023 1483 1195 1528 leviter
1244 1482 1529 1533 commovit,

205 1563 554 1622 affirlnavitque
572 1577 668 1606 non
698 1578 806 1607 cam
845 1563 997 1607 solum
1026 1563 1311 1608 resticanam
1342 1562 1533 1606 domum

209 1642 291 1687 sed
323 1642 490 1702 capitis
518 1641 591 1684 sui
627 1641 822 1701 capillos
856 1657 945 1702 per
977 1641 1084 1686 illos
1115 1642 1309 1686 sicarios
1354 1657 1401 1685 sc
1450 1640 1534 1685 ad-

208 1729 338 1766 ustos
390 1721 682 1778 existimare3
733 1737 1002 1782 caperequc
1067 1721 1249 1766 idcirco
1300 1721 1538 1780 hospitem

209 1800 397 1845 aedium
454 1800 737 1845 innocenter
801 1800 1116 1853 trucidatum,
1158 1809 1213 1845 ut
1260 1808 1308 1846 et
1355 1808 1540 1847 ceteros

210 1897 320 1925 suae
369 1878 482 1924 fidei
523 1896 551 1926 a
585 1880 685 1925 Deo
729 1881 955 1926 altissimo
998 1881 1325 1933 concreditos,
1371 1880 1541 1926 adver-

209 1977 285 2005 sus
332 1960 428 2005 vim
488 1975 675 2005 omnem
721 1960 981 2006 defendere
1029 1977 1084 2007 ac
1134 1961 1285 2005 tutari
1335 1977 1389 2005 ac
1437 1976 1541 2005 eam

211 2041 494 2101 pracsertim
543 2041 768 2100 injuriam
799 2043 1019 2087 extremis
1054 2043 1237 2087 viribus
1270 2042 1539 2100 vindicare3

213 2119 305 2164 nisi
352 2135 440 2180 per
499 2121 768 2182 principem
828 2137 1151 2183 proceresque
1226 2123 1541 2176 Brabantiae,

213 2206 368 2245 sumto
403 2198 461 2245 de
481 2199 620 2246 dictis
654 2201 880 2247 maleficis
912 2201 1054 2263 digno
1085 2204 1318 2264 supplicio
1355 2204 1442 2249 sibi
1473 2220 1543 2248 sa-

213 2281 274 2324 tis
309 2278 487 2324 factum
522 2279 681 2342 fuerit.
748 2281 884 2326 Hanc
914 2282 1060 2343 igitur
1096 2283 1158 2327 ob
1193 2299 1380 2328 causam
1416 2282 1542 2328 redi-

211 2368 314 2404 tum
354 2358 609 2405 festinavit.

281 2440 423 2485 Anno
468 2439 689 2500 sequenti
733 2437 1015 2487 Guilielmus
1058 2439 1236 2487 bellum
1282 2439 1543 2487 declaravit

216 2519 459 2565 Johannae
494 2519 720 2565 Ducissae
764 2520 1061 2566 Brabantiae.
1132 2522 1399 2582 Scriptores
1427 2523 1543 2568 Bra-

218 2599 407 2645 bantiac
452 2599 675 2646 adserunt
730 2615 890 2645 causas
950 2599 1064 2645 belli
1125 2600 1267 2646 fuisse
1328 2610 1460 2647 natas
1518 2619 1546 2646 e
