1811 3358
853 271 945 318 132

232 418 417 460 mentO,
466 407 599 468 quod
646 404 831 449 Caesari
882 410 937 445 ut
992 401 1115 446 Duci
1169 400 1456 446 Brabantiae
1511 403 1580 447 se-

235 497 425 541 cerant,
475 486 738 541 absolvit03
787 483 934 543 idque
996 497 1141 542 quam
1203 482 1412 543 primum
1464 481 1593 526 huic,

241 568 542 619 tractationi,
594 574 649 611 ut
683 572 754 609 est
801 564 1137 625 praemissum,
1192 563 1297 607 Dux
1341 561 1586 623 subscrip-

240 649 388 700 serit,
438 647 724 706 tabulasque
774 660 829 688 ea
879 642 938 688 de
986 660 1037 687 re
1082 644 1132 688 in
1179 657 1344 687 manus
1393 656 1586 694 eorum,

241 743 363 788 quos
416 734 499 771 aut
549 725 720 771 Caesar
783 731 865 768 aut
918 722 1023 782 ejus
1076 722 1270 766 nomine
1321 720 1589 781 Margareta

242 806 499 854 A-1striaca
542 805 602 852 ad
648 804 699 849 id
741 803 1008 864 delegavit,
1061 803 1260 847 solemni
1302 818 1358 848 ac
1399 800 1589 852 debito,

237 887 383 932 modo
436 885 706 932 tradiderit.
754 883 936 928 Eodem
980 898 1177 943 quoque
1229 889 1371 943 pacto
1416 880 1586 926 Caesar

241 968 366 1013 Duci
426 966 619 1013 Gelriae
671 963 1006 1008 Montsortium
1075 964 1203 1008 intra
1260 976 1464 1013 annum,
1533 974 1589 1005 ac

242 1053 353 1107 post
413 1051 645 1090 tractatus
711 1042 856 1101 hujus
909 1041 1338 1101 subscriptionem,
1402 1040 1590 1099 integre

246 1124 481 1171 utendum
539 1139 594 1169 ac
645 1120 988 1184 possidendum
1039 1120 1232 1165 tradito.
1299 1119 1470 1165 Caesar
1519 1118 1595 1163 in-

247 1222 393 1267 super
440 1206 572 1251 Duce
621 1206 672 1249 in
717 1205 916 1265 gratiam
969 1203 1113 1263 hujus
1159 1210 1340 1248 tractus
1387 1214 1593 1246 annuam

247 1286 308 1332 ad
354 1286 500 1330 vitam
535 1285 816 1346 pensionem
868 1283 1102 1330 sexdecim
1163 1284 1368 1327 millium
1421 1297 1594 1327 aureo-

249 1382 383 1417 rum,
435 1381 523 1425 per
565 1365 809 1409 semes-tria
852 1380 907 1408 ex
952 1364 1138 1408 aerario
1173 1362 1371 1423 publico
1406 1361 1594 1404 solven-

248 1446 386 1496 dam,
424 1444 710 1495 adscribito,
749 1443 913 1488 addita
959 1444 1056 1487 suis
1107 1450 1362 1503 praeterea
1409 1440 1594 1501 impen-

249 1527 323 1572 sis.
351 1524 670 1569 ducentorum
715 1538 769 1566 ac
820 1521 1141 1582 quadraginta
1188 1521 1410 1581 quinque
1461 1517 1591 1564 ordi-

248 1606 495 1650 nariorum
548 1601 767 1660 equitum
804 1600 1030 1644 cohorte:
1085 1616 1141 1643 ea
1187 1600 1415 1643 nimirum
1463 1601 1593 1660 lege,

249 1693 306 1729 ut
357 1698 524 1728 eorum
576 1680 929 1740 quinquaginta
973 1679 1077 1723 Dux
1122 1679 1170 1722 in
1220 1694 1406 1724 omnem
1453 1695 1597 1724 even-

253 1773 356 1808 tum
404 1778 493 1823 pro
530 1762 727 1806 Caesare
767 1759 840 1803 his
886 1759 934 1802 in
985 1760 1079 1802 oris
1115 1764 1308 1818 paratos
1357 1766 1595 1819 perpetuo

251 1844 451 1889 habeat:
524 1847 765 1890 caeteros,
837 1846 983 1899 prout
1035 1838 1260 1890 libuerit,
1330 1838 1471 1883 modo
1537 1855 1597 1884 ne

252 1924 479 1970 adversus
522 1922 792 1970 Caesarem,
848 1918 938 1963 sibi
989 1918 1166 1963 habere
1217 1919 1402 1965 divotos
1452 1928 1596 1981 atque

252 2007 576 2065 obsequentes
625 2002 821 2062 poterit.
863 2040 866 2044 .

318 2165 402 2212 Vl.
444 2164 697 2209 Traclatas
750 2162 1032 2206 Grctm'emis
1095 2162 1232 2220 (anni
1284 2161 1453 2222 1536).
1510 2162 1599 2207 Ex·-

450 2251 684 2301 cel-ptum.

320 2407 420 2450 Dux
473 2402 665 2449 Gelriae
701 2399 884 2444 foederi
935 2398 1146 2450 Gallico,
1195 2398 1468 2448 Holsatieo,
1505 2397 1598 2443 Da·

253 2487 362 2531 nico
408 2492 576 2529 eontra
634 2481 880 2526 Caesarem
928 2479 1049 2524 inito
1104 2479 1435 2523 renunciaret:
1476 2477 1602 2522 idem

257 2569 436 2611 laceret
490 2582 512 2607 a
564 2580 645 2607 sua
690 2570 827 2623 parte
877 2560 1059 2605 Caesar.
1113 2559 1248 2604 Idem
1287 2574 1482 2621 quoque
1527 2558 1600 2603 in-

248 2656 329 2692 tra
374 2659 548 2691 annum
603 2643 822 2687 Carnium
881 2642 1056 2686 Ducem
1114 2640 1314 2700 ejusque
1366 2640 1600 2699 legitime>¹
