1811 3358
870 265 927 309 15

315 395 586 440 Navarchus
614 396 807 446 Frisius,
840 395 1009 439 Petrus
1032 394 1234 455 Longus,
1264 395 1450 457 Belgiee
1469 396 1573 441 vul-

250 491 307 536 go
358 475 512 519 dictus
572 474 727 533 Lange
787 473 954 532 Pior)‚
1007 472 1124 516 dicit
1169 472 1229 517 de
1286 471 1441 519 Gelris
1490 490 1571 520 eos

250 568 525 613 comparans
561 567 666 595 cum
702 550 968 595 Hollandis:
1006 549 1208 596 »Gelros
1241 552 1480 611 impenszi,
1522 561 1570 599 et

249 631 544 692 »sumptibus
580 629 869 691 splendidos,
912 637 1115 689 quaestu
1150 637 1198 674 et
1232 631 1400 691 opibus
1436 640 1572 677 tenu-

249 729 358 763 ηε,
419 711 650 755 animosos
709 725 808 753 non
864 709 1076 760 timidos,
1140 708 1419 755 victoriosos
1474 727 1572 756 non

248 792 457 835 »inertes
503 789 608 851 (1).”

313 870 488 915 Ultimo
534 868 718 929 aliquid
756 866 1013 913 dicendum
1056 867 1115 913 de
1144 868 1479 928 jurisdictione
1522 871 1572 915 in

248 947 422 995 Gelria.
490 949 638 994 Erant
683 950 810 1010 leges
861 949 912 993 in
954 948 1083 993 hisee
1136 949 1436 1010 regionibus,
1488 950 1571 997 sed

239 1030 319 1089 jus
367 1029 565 1075 cedebat
615 1029 768 1074 armis,
838 1028 947 1075 Vim
990 1027 1264 1074 habuerunt
1307 1030 1358 1074 in
1408 1028 1571 1076 Gelria

245 1111 371 1170 leges
406 1110 695 1154 Francorum
726 1107 985 1159 Saliorum,
1030 1108 1290 1152 Frisiorum
1337 1116 1386 1153 et
1429 1110 1570 1154 Saxo-

246 1205 357 1233 num
390 1188 467 1248 (2).
524 1189 608 1232 His
631 1187 961 1247 jungebantur
1007 1188 1264 1232 nonnullae
1307 1189 1434 1248 leges
1473 1191 1567 1234 Im-

243 1275 519 1327 peratorum
557 1266 902 1314 Germanorum
937 1283 1060 1327 quae
1096 1267 1452 1314 similitudinem
1486 1270 1570 1315 ha·

243 1346 421 1392 bebant
471 1363 576 1391 cum
614 1347 729 1392 Jure
777 1347 1013 1399 Romano,
1065 1347 1197 1407 quod
1253 1356 1470 1410 superest
1519 1350 1569 1395 in

245 1427 418 1472 Codice
458 1427 797 1472 Theodosiana
839 1429 1131 1473 Instauravit
1159 1428 1332 1475 deinde
1362 1431 1569 1475 studium

245 1508 372 1552 Juris
403 1508 536 1553 Rom.
573 1508 857 1553 Justinianei
888 1508 1103 1551 Irnerius
1132 1508 1312 1554 Doctor
1336 1510 1387 1553 in
1413 1511 1569 1555 Scho-

243 1589 289 1633 la
322 1588 638 1639 Bononiensi,
689 1588 825 1632 initio
861 1587 1008 1632 seculi
1042 1587 1151 1632 XII.
1191 1595 1239 1632 et
1281 1589 1417 1634 multi
1447 1589 1569 1636 Ger-

241 1667 370 1712 mani
415 1666 842 1728 proficiscebantur
892 1667 1006 1711 illuc
1050 1674 1105 1711 ut
1143 1667 1381 1713 discerent
1420 1668 1568 1727 juris-

240 1746 556 1807 prudentiam.
622 1746 890 1792 Utebantur
928 1762 1122 1807 quoque
1169 1748 1284 1793 Jure
1332 1748 1567 1795 Canonico

242 1825 374 1886 quod
415 1825 501 1870 sub
547 1825 772 1887 pontifice
817 1825 1029 1886 Eugenio
1078 1827 1158 1871 III
1206 1828 1363 1873 medio
1406 1830 1564 1874 seculo

241 1907 335 1951 XII
384 1907 637 1951 collectum
680 1913 729 1950 et
771 1905 1082 1966 compositum
1133 1906 1224 1952 suit
1265 1924 1292 1952 a
1338 1908 1566 1954 Monacho

243 1983 484 2032 Gratiano.
563 1985 625 2030 Et
663 1985 730 2030 ita
769 1993 935 2046 postea
985 1986 1126 2031 etiam
1170 1985 1253 2032 Jus
1298 1987 1562 2033 Romanum

311 2187 372 2233 (1)
401 2187 516 2235 Apud
550 2187 762 2221 Pontanum
792 2183 886 2221 Hist.
919 2184 1072 2220 Gelrica
1104 2184 1192 2221 Lib.
1221 2186 1291 2223 XI.
1327 2198 1417 2234 pag.
1452 2189 1542 2233 677.

256 2250 537 2287 Slichtenhorst
569 2250 658 2286 dicit
694 2251 806 2286 Gelcl.
852 2252 985 2288 GUSCIZ.
1024 2250 1111 2287 Lib.
1151 2251 1221 2288 XI.
1260 2263 1348 2299 pag.
1384 2252 1469 2287 550.
1498 2251 1544 2287 dc

255 2315 382 2352 Gelm's

553 2380 690 2426 «Hoog
717 2391 789 2413 van
816 2376 945 2422 moed,

556 2443 700 2480 «Klein
726 2456 796 2478 van
824 2442 941 2490 goed,

556 2511 667 2545 «Een
696 2508 846 2546 zwaard
873 2508 910 2542 in
937 2508 980 2543 de
1009 2507 1133 2553 hand,

556 2577 627 2611 «Is
656 2580 683 2609 ’t
711 2587 847 2622 walion
872 2587 944 2609 van
969 2571 1251 2608 Gelderlandx'

309 2637 374 2683 (2)
404 2638 492 2676 Vid.
520 2635 719 2674 Churierb.
752 2639 767 2672 I
814 2649 897 2684 lag.
934 2651 995 2680 μμ
1027 2650 1095 2671 20,
1126 2637 1187 2671 43.
