1811 3358
799 248 862 296 ‘77

171 390 278 422 mox
314 376 372 422 ad
409 379 572 440 epulas
611 378 816 424 deducto
865 379 1063 424 comiter
1102 381 1265 441 patre,
1299 379 1499 436 invitat,

172 458 305 502 finita
363 475 534 509 coena,
587 459 833 503 universos
881 459 940 503 ad
986 459 1123 503 ludos
1176 475 1229 504 ac
1279 463 1498 520 choreas3

171 540 295 583 velle
343 556 391 583 se
443 553 545 582 eam
593 546 781 582 noctem
826 556 1019 585 amoene
1070 556 1176 584 cum
1216 541 1329 601 ipsis
1374 550 1501 587 tran-

172 618 337 678 sigere.
407 617 500 662 Sed
550 626 688 678 pater
730 619 922 663 remotis
963 620 1131 663 mensis
1166 627 1419 680 postquam
1453 639 1500 665 so

170 697 443 742 humaniter
491 707 773 749 excusasset,
823 699 1005 742 senium
1045 715 1099 743 ac
1148 715 1368 760 soporem
1415 700 1501 744 ob-

170 779 370 824 tendens
422 778 637 823 cubitum
689 778 932 821 concessit.
1001 778 1181 824 Verum
1222 780 1377 839 quieti
1423 783 1501 825 vix

171 857 413 902 redditum
482 857 767 901 adoriuntur
819 858 894 900 isti
947 874 974 901 a
1038 858 1234 903 Ducissa
1283 876 1338 904 ac
1401 860 1502 905 filio

170 937 691 987 subornatilatrones,
739 936 977 996 armisque
1012 938 1236 982 conclave
1277 938 1384 998 ejus
1427 941 1500 984 in-

159 1018 362 1072 ·volant3
415 1032 470 1061 ac
519 1015 700 1060 foribus
750 1017 973 1076 pulsatis,
1027 1032 1134 1061 cum
1188 1018 1370 1063 tardius
1416 1019 1499 1064 ad-

171 1097 502 1145 mitterentur,
555 1095 818 1155 ingressum
879 1095 968 1141 sibi
1019 1097 1067 1142 vi
1120 1106 1304 1158 parant.
1371 1099 1498 1144 Hinc

173 1175 350 1220 strictis
398 1174 448 1217 in
494 1173 673 1217 Ducem
717 1176 1047 1228 mucronibus,
1096 1177 1156 1221 ad
1189 1177 1366 1222 lectum
1397 1178 1501 1237 eju-s

168 1259 485 1315 procurrunt,
541 1260 786 1313 stratoque
830 1254 1053 1298 educunt.
1120 1256 1211 1300 Ille
1258 1256 1387 1301 haud
1430 1273 1503 1301 sa-

169 1335 229 1379 tis
270 1331 391 1393 quid
425 1339 672 1392 ageretur,
709 1333 1081 1379 communiscens
1124 1335 1317 1395 quaerit
1366 1352 1394 1380 a
1445 1335 1500 1380 fi-

170 1413 260 1463 lio,
312 1427 426 1454 num
477 1410 663 1455 viveret
706 1428 761 1456 ac
815 1412 936 1456 bene
997 1422 1186 1474 ageret,
1240 1416 1500 1461 arbitratus

170 1498 456 1550 occupatum
501 1491 560 1535 ab
604 1491 738 1537 hoste
789 1502 1008 1538 castrum.
1075 1495 1181 1555 Quo
1225 1495 1378 1547 dicto,
1422 1497 1499 1541 in-

171 1577 300 1613 trans
347 1568 618 1612 cubiculum
654 1570 905 1630 Adolphus
949 1571 1080 1631 ipse3
1134 1572 1210 1617 Ita
1252 1574 1353 1633 jam
1388 1592 1498 1620 usus

169 1665 340 1710 resque
401 1649 638 1709 postulat,
704 1650 769 1693 mi
834 1658 998 1710 pater,
1051 1653 1240 1712 inquit;
1292 1670 1377 1715 age
1425 1669 1498 1700 se-

167 1734 350 1789 quercf
401 1728 468 1772 At
529 1735 669 1787 pater
717 1729 1029 1775 adlacrimans
1082 1748 1137 1776 ex
1196 1733 1297 1778 filio
1355 1736 1497 1780 vicis-

171 1809 259 1853 sim
309 1805 601 1867 quaerebat‚
653 1806 773 1865 quid
824 1810 1206 1862 commeruisset,
1268 1814 1399 1872 quod
1446 1815 1498 1860 in

171 1887 364 1932 modum
411 1885 608 1930 latronis
643 1893 726 1929 aut
768 1885 1033 1932 homicidae
1083 1890 1298 1950 captivus
1347 1892 1498 1938 abdu-

166 1974 371 2012 ceretur.
422 1964 516 2010 Sed
563 1963 742 2009 frustra
776 1965 896 2010 haec
937 1975 1074 2012 erant
1109 1970 1290 2021 omnia,
1324 1972 1497 2031 vixque

166 2048 405 2093 tantillum
449 2045 494 2090 ei
556 2045 785 2105 temporis
842 2046 1213 2101 concedebatur,
1265 2057 1320 2095 ut
1370 2054 1498 2102 tuni-

164 2127 221 2170 ca
268 2125 551 2172 indueretur
600 2127 845 2178 interiori,
897 2135 1040 2187 atque
1094 2129 1186 2182 ita,
1234 2130 1389 2175 hieme
1425 2149 1498 2177 as-

163 2207 397 2267 perrima,
447 2208 561 2252 semi
594 2208 773 2260 nudus,
819 2216 961 2268 caput
995 2209 1125 2269 pileo
1177 2217 1332 2254 tectus
1381 2226 1496 2256 noc-

164 2293 332 2338 turno,
392 2303 480 2348 per
532 2303 635 2332 eam
683 2287 930 2332 traductus
965 2295 1036 2331 est
1088 2288 1314 2348 glaciem3
1351 2306 1495 2349 quam

162 2367 321 2427 pridie
362 2368 465 2427 ejus
509 2368 662 2413 noctis
698 2369 748 2412 in
791 2368 990 2428 gratiam
1025 2367 1113 2412 filii
1147 2369 1381 2428 integram
1417 2385 1492 2412 re-

164 2445 319 2505 linqui
356 2447 579 2507 jusserat.
643 2448 762 2492 Inde
806 2464 895 2508 per
937 2448 1093 2492 Mosae
1142 2447 1318 2491 fli-»nen
1362 2447 1494 2506 quod

165 2524 381 2570 similiter
427 2528 574 2587 glacie
614 2527 919 2572 obduruerat
953 2525 1205 2576 deductus,
1256 2526 1323 2570 ibi
1371 2528 1493 2571 Neo-

164 2606 452 2662 mageusium
500 2615 683 2651 ceteros
729 2608 880 2665 ipsum
917 2606 1186 2664 operientes
1235 2608 1491 2665 conspexit.
