<?xml version="1.0" encoding="UTF-8"?>
<!DOCTYPE html PUBLIC "-//W3C//DTD XHTML 1.0 Transitional//EN"
    "http://www.w3.org/TR/xhtml1/DTD/xhtml1-transitional.dtd">
<html xmlns="http://www.w3.org/1999/xhtml" xml:lang="en" lang="en">
 <head>
  <title>
</title>
<meta http-equiv="Content-Type" content="text/html;charset=utf-8" />
  <meta name='ocr-system' content='tesseract 3.04.00' />
  <meta name='ocr-capabilities' content='ocr_page ocr_carea ocr_par ocr_line ocrx_word'/>
</head>
<body>
  <div class='ocr_page' id='page_1' title='image "./dissertatiohisto00thye_0089.png"; bbox 0 0 1811 3358; ppageno 0'>
   <div class='ocr_carea' id='block_1_1' title="bbox 854 247 915 296">
    <p class='ocr_par' dir='ltr' id='par_1_1' title="bbox 854 247 915 296">
     <span class='ocr_line' id='line_1_1' title="bbox 854 247 915 296; baseline -0.033 0"><span class='ocrx_word' id='word_1_1' title='bbox 854 247 915 296; x_wconf 80' lang='lat'>79</span> 
     </span>
    </p>
   </div>
   <div class='ocr_carea' id='block_1_2' title="bbox 222 369 1559 2653">
    <p class='ocr_par' dir='ltr' id='par_1_2' title="bbox 222 369 1559 2653">
     <span class='ocr_line' id='line_1_2' title="bbox 225 369 1550 441; baseline -0.005 -14"><span class='ocrx_word' id='word_1_2' title='bbox 225 369 510 441; x_wconf 83' lang='lat' dir='ltr'>Neomagum</span> <span class='ocrx_word' id='word_1_3' title='bbox 570 375 852 440; x_wconf 84' lang='lat' dir='ltr'>Equestrem</span> <span class='ocrx_word' id='word_1_4' title='bbox 913 376 1130 422; x_wconf 82' lang='lat' dir='ltr'>ordinem</span> <span class='ocrx_word' id='word_1_5' title='bbox 1189 394 1244 421; x_wconf 87' lang='lat' dir='ltr'>ac</span> <span class='ocrx_word' id='word_1_6' title='bbox 1304 376 1550 422; x_wconf 76' lang='lat' dir='ltr'>civitatum</span> 
     </span>
     <span class='ocr_line' id='line_1_3' title="bbox 223 455 1550 521; baseline -0.003 -17"><span class='ocrx_word' id='word_1_7' title='bbox 223 458 464 521; x_wconf 84' lang='lat' dir='ltr'>delegatos</span> <span class='ocrx_word' id='word_1_8' title='bbox 502 466 646 519; x_wconf 86' lang='lat' dir='ltr'>atque</span> <span class='ocrx_word' id='word_1_9' title='bbox 696 459 753 502; x_wconf 89' lang='lat' dir='ltr'>iis</span> <span class='ocrx_word' id='word_1_10' title='bbox 795 455 1127 518; x_wconf 86' lang='lat' dir='ltr'>praesentibus</span> <span class='ocrx_word' id='word_1_11' title='bbox 1176 471 1232 500; x_wconf 87' lang='lat' dir='ltr'>ea</span> <span class='ocrx_word' id='word_1_12' title='bbox 1275 455 1392 500; x_wconf 81' lang='lat' dir='ltr'>dixit</span> <span class='ocrx_word' id='word_1_13' title='bbox 1425 472 1550 515; x_wconf 88' lang='lat' dir='ltr'>quae</span> 
     </span>
     <span class='ocr_line' id='line_1_4' title="bbox 223 533 1557 600; baseline -0.004 -16"><span class='ocrx_word' id='word_1_14' title='bbox 223 539 317 600; x_wconf 85' lang='lat' dir='ltr'>legi</span> <span class='ocrx_word' id='word_1_15' title='bbox 366 543 564 599; x_wconf 81' lang='lat' dir='ltr'>possunt</span> <span class='ocrx_word' id='word_1_16' title='bbox 609 536 738 597; x_wconf 89' lang='lat' dir='ltr'>apud</span> <span class='ocrx_word' id='word_1_17' title='bbox 780 537 1049 582; x_wconf 87' lang='lat' dir='ltr'>Pontanum</span> <span class='ocrx_word' id='word_1_18' title='bbox 1096 549 1201 594; x_wconf 83' lang='lat' dir='ltr'>pag.</span> <span class='ocrx_word' id='word_1_19' title='bbox 1253 533 1361 579; x_wconf 84' lang='lat'><strong>536.</strong></span> <span class='ocrx_word' id='word_1_20' title='bbox 1430 535 1557 580; x_wconf 62' lang='lat' dir='ltr'>Fue-&gt;</span> 
     </span>
     <span class='ocr_line' id='line_1_5' title="bbox 224 615 1552 675; baseline -0.001 -12"><span class='ocrx_word' id='word_1_21' title='bbox 224 624 338 663; x_wconf 84' lang='lat' dir='ltr'>runt</span> <span class='ocrx_word' id='word_1_22' title='bbox 392 624 551 662; x_wconf 88' lang='lat' dir='ltr'>autem</span> <span class='ocrx_word' id='word_1_23' title='bbox 594 618 645 660; x_wconf 90' lang='lat' dir='ltr'>in</span> <span class='ocrx_word' id='word_1_24' title='bbox 701 616 773 660; x_wconf 88' lang='lat' dir='ltr'>his</span> <span class='ocrx_word' id='word_1_25' title='bbox 819 615 1016 660; x_wconf 76' lang='lat' dir='ltr'>maxime</span> <span class='ocrx_word' id='word_1_26' title='bbox 1067 615 1407 675; x_wconf 85' lang='lat' dir='ltr'>Neomagenses</span> <span class='ocrx_word' id='word_1_27' title='bbox 1457 632 1552 662; x_wconf 88' lang='grc'><strong>11113</strong></span> 
     </span>
     <span class='ocr_line' id='line_1_6' title="bbox 229 693 1555 753; baseline -0.001 -12"><span class='ocrx_word' id='word_1_28' title='bbox 229 712 336 742; x_wconf 84' lang='lat' dir='ltr'>cum</span> <span class='ocrx_word' id='word_1_29' title='bbox 381 695 608 740; x_wconf 82' lang='lat' dir='ltr'>fratribus</span> <span class='ocrx_word' id='word_1_30' title='bbox 651 694 891 745; x_wconf 85' lang='lat' dir='ltr'>Bilantiis,</span> <span class='ocrx_word' id='word_1_31' title='bbox 942 693 1029 753; x_wconf 87' lang='lat' dir='ltr'>qui</span> <span class='ocrx_word' id='word_1_32' title='bbox 1069 693 1260 738; x_wconf 88' lang='lat' dir='ltr'>sceleris</span> <span class='ocrx_word' id='word_1_33' title='bbox 1301 694 1352 739; x_wconf 92' lang='lat' dir='ltr'>in</span> <span class='ocrx_word' id='word_1_34' title='bbox 1384 694 1555 740; x_wconf 88' lang='lat' dir='ltr'>ducem</span> 
     </span>
     <span class='ocr_line' id='line_1_7' title="bbox 223 770 1556 833; baseline 0.002 -16"><span class='ocrx_word' id='word_1_35' title='bbox 223 772 493 818; x_wconf 85' lang='lat' dir='ltr'>Arnoldum</span> <span class='ocrx_word' id='word_1_36' title='bbox 549 772 792 833; x_wconf 85' lang='lat' dir='ltr'>principes</span> <span class='ocrx_word' id='word_1_37' title='bbox 846 771 1106 831; x_wconf 84' lang='lat' dir='ltr'>praecipue</span> <span class='ocrx_word' id='word_1_38' title='bbox 1163 770 1371 817; x_wconf 85' lang='lat' dir='ltr'>suerunt.</span> <span class='ocrx_word' id='word_1_39' title='bbox 1452 774 1556 819; x_wconf 80' lang='lat' dir='ltr'>Dux</span> 
     </span>
     <span class='ocr_line' id='line_1_8' title="bbox 225 850 1556 915; baseline 0.002 -19"><span class='ocrx_word' id='word_1_40' title='bbox 225 851 476 913; x_wconf 87' lang='lat' dir='ltr'>Adolphus</span> <span class='ocrx_word' id='word_1_41' title='bbox 521 852 668 896; x_wconf 76' lang='lat' dir='ltr'>flexus</span> <span class='ocrx_word' id='word_1_42' title='bbox 714 866 882 895; x_wconf 88' lang='lat' dir='ltr'>eorum</span> <span class='ocrx_word' id='word_1_43' title='bbox 937 850 1254 896; x_wconf 77' lang='lat' dir='ltr'>obtestatione</span> <span class='ocrx_word' id='word_1_44' title='bbox 1301 868 1356 897; x_wconf 86' lang='lat' dir='ltr'>ae</span> <span class='ocrx_word' id='word_1_45' title='bbox 1403 852 1556 915; x_wconf 85' lang='lat' dir='ltr'>lacry-</span> 
     </span>
     <span class='ocr_line' id='line_1_9' title="bbox 223 932 1555 992; baseline 0.001 -16"><span class='ocrx_word' id='word_1_46' title='bbox 223 932 343 983; x_wconf 87' lang='lat' dir='ltr'>mis,</span> <span class='ocrx_word' id='word_1_47' title='bbox 394 938 550 977; x_wconf 88' lang='lat' dir='ltr'>mutat</span> <span class='ocrx_word' id='word_1_48' title='bbox 601 932 913 983; x_wconf 78' lang='lat' dir='ltr'>sententiam,</span> <span class='ocrx_word' id='word_1_49' title='bbox 964 947 1019 976; x_wconf 85' lang='lat' dir='ltr'>ae</span> <span class='ocrx_word' id='word_1_50' title='bbox 1077 932 1229 992; x_wconf 85' lang='lat' dir='ltr'>patris</span> <span class='ocrx_word' id='word_1_51' title='bbox 1282 932 1555 979; x_wconf 86' lang='lat' dir='ltr'>libertatem</span> 
     </span>
     <span class='ocr_line' id='line_1_10' title="bbox 223 1009 1556 1072; baseline 0.002 -18"><span class='ocrx_word' id='word_1_52' title='bbox 223 1009 406 1055; x_wconf 87' lang='lat' dir='ltr'>differt.</span> <span class='ocrx_word' id='word_1_53' title='bbox 473 1010 547 1055; x_wconf 89' lang='lat' dir='ltr'>Ae</span> <span class='ocrx_word' id='word_1_54' title='bbox 576 1026 682 1054; x_wconf 79' lang='lat' dir='ltr'>mox</span> <span class='ocrx_word' id='word_1_55' title='bbox 712 1010 882 1054; x_wconf 87' lang='lat' dir='ltr'>allatae</span> <span class='ocrx_word' id='word_1_56' title='bbox 915 1009 976 1054; x_wconf 91' lang='lat' dir='ltr'>ad</span> <span class='ocrx_word' id='word_1_57' title='bbox 1003 1026 1112 1054; x_wconf 90' lang='lat' dir='ltr'>eum</span> <span class='ocrx_word' id='word_1_58' title='bbox 1142 1011 1298 1056; x_wconf 84' lang='lat' dir='ltr'>Caroli</span> <span class='ocrx_word' id='word_1_59' title='bbox 1334 1012 1556 1072; x_wconf 85' lang='lat' dir='ltr'>Burgun-</span> 
     </span>
     <span class='ocr_line' id='line_1_11' title="bbox 223 1088 1555 1150; baseline 0.002 -16"><span class='ocrx_word' id='word_1_60' title='bbox 223 1089 331 1134; x_wconf 89' lang='lat' dir='ltr'>diae</span> <span class='ocrx_word' id='word_1_61' title='bbox 363 1089 509 1134; x_wconf 90' lang='lat' dir='ltr'>Ducis</span> <span class='ocrx_word' id='word_1_62' title='bbox 533 1088 725 1149; x_wconf 69' lang='lat' dir='ltr'>literae},</span> <span class='ocrx_word' id='word_1_63' title='bbox 761 1103 857 1132; x_wconf 91' lang='lat' dir='ltr'>una</span> <span class='ocrx_word' id='word_1_64' title='bbox 887 1103 994 1132; x_wconf 88' lang='lat' dir='ltr'>cum</span> <span class='ocrx_word' id='word_1_65' title='bbox 1025 1089 1193 1135; x_wconf 88' lang='lat' dir='ltr'>ultima</span> <span class='ocrx_word' id='word_1_66' title='bbox 1225 1090 1440 1150; x_wconf 88' lang='lat' dir='ltr'>ejusdem</span> <span class='ocrx_word' id='word_1_67' title='bbox 1473 1091 1555 1136; x_wconf 88' lang='lat' dir='ltr'>ad-</span> 
     </span>
     <span class='ocr_line' id='line_1_12' title="bbox 222 1166 1556 1226; baseline 0.003 -15"><span class='ocrx_word' id='word_1_68' title='bbox 222 1168 513 1218; x_wconf 84' lang='lat' dir='ltr'>monitione,</span> <span class='ocrx_word' id='word_1_69' title='bbox 560 1182 657 1226; x_wconf 87' lang='lat' dir='ltr'>qua</span> <span class='ocrx_word' id='word_1_70' title='bbox 700 1167 856 1226; x_wconf 90' lang='lat' dir='ltr'>ipsum</span> <span class='ocrx_word' id='word_1_71' title='bbox 899 1166 1162 1212; x_wconf 86' lang='lat' dir='ltr'>Hesdinum</span> <span class='ocrx_word' id='word_1_72' title='bbox 1205 1170 1456 1222; x_wconf 86' lang='lat' dir='ltr'>evocabat,</span> <span class='ocrx_word' id='word_1_73' title='bbox 1493 1171 1556 1214; x_wconf 88' lang='lat' dir='ltr'>si-</span> 
     </span>
     <span class='ocr_line' id='line_1_13' title="bbox 224 1243 1558 1303; baseline 0.001 -14"><span class='ocrx_word' id='word_1_74' title='bbox 224 1246 326 1290; x_wconf 88' lang='lat' dir='ltr'>mul</span> <span class='ocrx_word' id='word_1_75' title='bbox 380 1244 622 1296; x_wconf 88' lang='lat' dir='ltr'>indicans,</span> <span class='ocrx_word' id='word_1_76' title='bbox 683 1243 805 1303; x_wconf 88' lang='lat' dir='ltr'>quid</span> <span class='ocrx_word' id='word_1_77' title='bbox 857 1244 1122 1288; x_wconf 81' lang='lat' dir='ltr'>avunculus</span> <span class='ocrx_word' id='word_1_78' title='bbox 1173 1244 1277 1303; x_wconf 87' lang='lat' dir='ltr'>ejus</span> <span class='ocrx_word' id='word_1_79' title='bbox 1317 1246 1558 1292; x_wconf 85' lang='lat' dir='ltr'>Johannes</span> 
     </span>
     <span class='ocr_line' id='line_1_14' title="bbox 225 1323 1559 1386; baseline -0.001 -15"><span class='ocrx_word' id='word_1_80' title='bbox 225 1325 404 1371; x_wconf 82' lang='lat' dir='ltr'>Cliviae</span> <span class='ocrx_word' id='word_1_81' title='bbox 443 1325 567 1377; x_wconf 83' lang='lat' dir='ltr'>Dux,</span> <span class='ocrx_word' id='word_1_82' title='bbox 619 1331 765 1384; x_wconf 86' lang='lat' dir='ltr'>atque</span> <span class='ocrx_word' id='word_1_83' title='bbox 801 1332 1002 1385; x_wconf 85' lang='lat' dir='ltr'>patruus</span> <span class='ocrx_word' id='word_1_84' title='bbox 1037 1323 1322 1371; x_wconf 89' lang='lat' dir='ltr'>Guilielmus</span> <span class='ocrx_word' id='word_1_85' title='bbox 1355 1324 1559 1386; x_wconf 83' lang='lat' dir='ltr'>Egmon-</span> 
     </span>
     <span class='ocr_line' id='line_1_15' title="bbox 228 1403 1558 1465; baseline 0.002 -17"><span class='ocrx_word' id='word_1_86' title='bbox 228 1403 378 1448; x_wconf 84' lang='lat' dir='ltr'>danus</span> <span class='ocrx_word' id='word_1_87' title='bbox 432 1403 491 1448; x_wconf 85' lang='lat' dir='ltr'>ab</span> <span class='ocrx_word' id='word_1_88' title='bbox 550 1404 655 1463; x_wconf 89' lang='lat' dir='ltr'>ipso</span> <span class='ocrx_word' id='word_1_89' title='bbox 711 1403 1055 1463; x_wconf 82' lang='lat' dir='ltr'>efflagitarent,</span> <span class='ocrx_word' id='word_1_90' title='bbox 1116 1412 1374 1464; x_wconf 83' lang='lat' dir='ltr'>querentes</span> <span class='ocrx_word' id='word_1_91' title='bbox 1421 1404 1558 1465; x_wconf 64' lang='lat' dir='ltr'>⁴quod</span> 
     </span>
     <span class='ocr_line' id='line_1_16' title="bbox 228 1481 1558 1544; baseline 0.002 -17"><span class='ocrx_word' id='word_1_92' title='bbox 228 1483 380 1544; x_wconf 87' lang='lat' dir='ltr'>pactis</span> <span class='ocrx_word' id='word_1_93' title='bbox 424 1481 669 1526; x_wconf 75' lang='lat' dir='ltr'>conventis</span> <span class='ocrx_word' id='word_1_94' title='bbox 711 1497 836 1541; x_wconf 89' lang='lat' dir='ltr'>quae</span> <span class='ocrx_word' id='word_1_95' title='bbox 880 1481 1100 1526; x_wconf 76' lang='lat' dir='ltr'>Gandavi</span> <span class='ocrx_word' id='word_1_96' title='bbox 1136 1484 1434 1529; x_wconf 89' lang='lat' dir='ltr'>Sanctissime</span> <span class='ocrx_word' id='word_1_97' title='bbox 1476 1485 1558 1544; x_wconf 88' lang='lat' dir='ltr'>ju-</span> 
     </span>
     <span class='ocr_line' id='line_1_17' title="bbox 227 1559 1557 1619; baseline 0.002 -12"><span class='ocrx_word' id='word_1_98' title='bbox 227 1569 447 1613; x_wconf 80' lang='lat' dir='ltr'>raverat,</span> <span class='ocrx_word' id='word_1_99' title='bbox 507 1559 637 1604; x_wconf 89' lang='lat' dir='ltr'>haud</span> <span class='ocrx_word' id='word_1_100' title='bbox 695 1575 939 1619; x_wconf 87' lang='lat' dir='ltr'>quaquam</span> <span class='ocrx_word' id='word_1_101' title='bbox 996 1561 1230 1614; x_wconf 83' lang='lat' dir='ltr'>stetisset,</span> <span class='ocrx_word' id='word_1_102' title='bbox 1288 1563 1557 1609; x_wconf 85' lang='lat' dir='ltr'>invadendo</span> 
     </span>
     <span class='ocr_line' id='line_1_18' title="bbox 226 1637 1559 1701; baseline 0.004 -17"><span class='ocrx_word' id='word_1_103' title='bbox 226 1639 390 1701; x_wconf 86' lang='lat' dir='ltr'>patrui</span> <span class='ocrx_word' id='word_1_104' title='bbox 435 1638 562 1684; x_wconf 85' lang='lat' dir='ltr'>bona</span> <span class='ocrx_word' id='word_1_105' title='bbox 596 1637 700 1698; x_wconf 86' lang='lat' dir='ltr'>ejus</span> <span class='ocrx_word' id='word_1_106' title='bbox 742 1639 1030 1684; x_wconf 86' lang='lat' dir='ltr'>munitiones</span> <span class='ocrx_word' id='word_1_107' title='bbox 1065 1641 1340 1687; x_wconf 86' lang='lat' dir='ltr'>evertendo.</span> <span class='ocrx_word' id='word_1_108' title='bbox 1407 1643 1559 1689; x_wconf 86' lang='lat' dir='ltr'>Adol-</span> 
     </span>
     <span class='ocr_line' id='line_1_19' title="bbox 227 1716 1556 1779; baseline 0.005 -17"><span class='ocrx_word' id='word_1_109' title='bbox 227 1719 352 1779; x_wconf 92' lang='lat' dir='ltr'>phus</span> <span class='ocrx_word' id='word_1_110' title='bbox 403 1717 612 1777; x_wconf 86' lang='lat' dir='ltr'>acceptis</span> <span class='ocrx_word' id='word_1_111' title='bbox 663 1716 821 1762; x_wconf 87' lang='lat' dir='ltr'>Caroli</span> <span class='ocrx_word' id='word_1_112' title='bbox 864 1718 1009 1763; x_wconf 84' lang='lat' dir='ltr'>Ducis</span> <span class='ocrx_word' id='word_1_113' title='bbox 1059 1719 1236 1772; x_wconf 86' lang='lat' dir='ltr'>literis,</span> <span class='ocrx_word' id='word_1_114' title='bbox 1296 1721 1423 1767; x_wconf 88' lang='lat' dir='ltr'>haud</span> <span class='ocrx_word' id='word_1_115' title='bbox 1472 1723 1556 1769; x_wconf 89' lang='lat' dir='ltr'>diu</span> 
     </span>
     <span class='ocr_line' id='line_1_20' title="bbox 228 1795 1558 1859; baseline 0.005 -17"><span class='ocrx_word' id='word_1_116' title='bbox 228 1803 444 1842; x_wconf 83' lang='lat' dir='ltr'>moratus</span> <span class='ocrx_word' id='word_1_117' title='bbox 488 1811 595 1840; x_wconf 91' lang='lat' dir='ltr'>cum</span> <span class='ocrx_word' id='word_1_118' title='bbox 629 1795 800 1856; x_wconf 87' lang='lat' dir='ltr'>insigni</span> <span class='ocrx_word' id='word_1_119' title='bbox 852 1796 1083 1841; x_wconf 90' lang='lat' dir='ltr'>baronum</span> <span class='ocrx_word' id='word_1_120' title='bbox 1125 1806 1174 1842; x_wconf 88' lang='lat' dir='ltr'>et</span> <span class='ocrx_word' id='word_1_121' title='bbox 1221 1802 1438 1859; x_wconf 88' lang='lat' dir='ltr'>equitum</span> <span class='ocrx_word' id='word_1_122' title='bbox 1473 1820 1558 1848; x_wconf 90' lang='lat' dir='ltr'>co—</span> 
     </span>
     <span class='ocr_line' id='line_1_21' title="bbox 228 1875 1556 1936; baseline 0.005 -14"><span class='ocrx_word' id='word_1_123' title='bbox 228 1877 401 1922; x_wconf 90' lang='lat' dir='ltr'>mitatu</span> <span class='ocrx_word' id='word_1_124' title='bbox 433 1876 696 1921; x_wconf 89' lang='lat' dir='ltr'>Hesdinum</span> <span class='ocrx_word' id='word_1_125' title='bbox 735 1875 1068 1936; x_wconf 82' lang='lat' dir='ltr'>proficiscitur.</span> <span class='ocrx_word' id='word_1_126' title='bbox 1137 1876 1279 1924; x_wconf 88' lang='lat' dir='ltr'>Facta</span> <span class='ocrx_word' id='word_1_127' title='bbox 1319 1880 1387 1924; x_wconf 89' lang='lat' dir='ltr'>ibi</span> <span class='ocrx_word' id='word_1_128' title='bbox 1428 1882 1556 1928; x_wconf 85' lang='lat' dir='ltr'>inter</span> 
     </span>
     <span class='ocr_line' id='line_1_22' title="bbox 227 1954 1557 2020; baseline 0.003 -18"><span class='ocrx_word' id='word_1_129' title='bbox 227 1955 544 2018; x_wconf 79' lang='lat' dir='ltr'>epulandum,</span> <span class='ocrx_word' id='word_1_130' title='bbox 585 1954 915 2016; x_wconf 86' lang='lat' dir='ltr'>praesentibus</span> <span class='ocrx_word' id='word_1_131' title='bbox 959 1971 1054 2000; x_wconf 88' lang='lat' dir='ltr'>una</span> <span class='ocrx_word' id='word_1_132' title='bbox 1100 1971 1208 2000; x_wconf 89' lang='lat' dir='ltr'>eum</span> <span class='ocrx_word' id='word_1_133' title='bbox 1241 1957 1466 2020; x_wconf 87' lang='lat' dir='ltr'>Adolpho</span> <span class='ocrx_word' id='word_1_134' title='bbox 1502 1977 1557 2007; x_wconf 80' lang='lat' dir='ltr'>ex</span> 
     </span>
     <span class='ocr_line' id='line_1_23' title="bbox 227 2035 1557 2097; baseline 0.003 -15"><span class='ocrx_word' id='word_1_135' title='bbox 227 2036 480 2082; x_wconf 85' lang='lat' dir='ltr'>nobilitate</span> <span class='ocrx_word' id='word_1_136' title='bbox 513 2052 570 2081; x_wconf 82' lang='lat' dir='ltr'>ex</span> <span class='ocrx_word' id='word_1_137' title='bbox 601 2035 779 2081; x_wconf 77' lang='lat' dir='ltr'>familia</span> <span class='ocrx_word' id='word_1_138' title='bbox 811 2035 954 2081; x_wconf 89' lang='lat' dir='ltr'>Ducis</span> <span class='ocrx_word' id='word_1_139' title='bbox 985 2035 1217 2097; x_wconf 86' lang='lat' dir='ltr'>principis</span> <span class='ocrx_word' id='word_1_140' title='bbox 1252 2038 1388 2091; x_wconf 84' lang='lat' dir='ltr'>viris,</span> <span class='ocrx_word' id='word_1_141' title='bbox 1424 2046 1557 2086; x_wconf 41' lang='lat' dir='ltr'>men*</span> 
     </span>
     <span class='ocr_line' id='line_1_24' title="bbox 228 2115 1556 2181; baseline 0.004 -20"><span class='ocrx_word' id='word_1_142' title='bbox 228 2117 299 2161; x_wconf 68' lang='lat' dir='ltr'>tio</span> <span class='ocrx_word' id='word_1_143' title='bbox 342 2116 645 2161; x_wconf 84' lang='lat' dir='ltr'>vinculorum</span> <span class='ocrx_word' id='word_1_144' title='bbox 687 2115 893 2160; x_wconf 83' lang='lat' dir='ltr'>Arnoldi</span> <span class='ocrx_word' id='word_1_145' title='bbox 928 2116 1093 2161; x_wconf 87' lang='lat' dir='ltr'>Ducis:</span> <span class='ocrx_word' id='word_1_146' title='bbox 1128 2116 1256 2162; x_wconf 90' lang='lat' dir='ltr'>unde</span> <span class='ocrx_word' id='word_1_147' title='bbox 1291 2127 1429 2181; x_wconf 86' lang='lat' dir='ltr'>capta</span> <span class='ocrx_word' id='word_1_148' title='bbox 1463 2128 1556 2167; x_wconf 86' lang='lat' dir='ltr'>sta-</span> 
     </span>
     <span class='ocr_line' id='line_1_25' title="bbox 228 2195 1556 2258; baseline 0.003 -17"><span class='ocrx_word' id='word_1_149' title='bbox 228 2197 318 2242; x_wconf 78' lang='lat' dir='ltr'>tim</span> <span class='ocrx_word' id='word_1_150' title='bbox 361 2196 605 2241; x_wconf 77' lang='lat' dir='ltr'>occasione</span> <span class='ocrx_word' id='word_1_151' title='bbox 649 2195 843 2241; x_wconf 88' lang='lat' dir='ltr'>Carolus</span> <span class='ocrx_word' id='word_1_152' title='bbox 883 2196 1005 2248; x_wconf 81' lang='lat' dir='ltr'>Dux,</span> <span class='ocrx_word' id='word_1_153' title='bbox 1045 2196 1327 2258; x_wconf 89' lang='lat' dir='ltr'>-Adolphum</span> <span class='ocrx_word' id='word_1_154' title='bbox 1371 2200 1556 2245; x_wconf 84' lang='lat' dir='ltr'>affinem</span> 
     </span>
     <span class='ocr_line' id='line_1_26' title="bbox 233 2274 1557 2336; baseline 0.003 -17"><span class='ocrx_word' id='word_1_155' title='bbox 233 2290 368 2320; x_wconf 91' lang='lat' dir='ltr'>suum</span> <span class='ocrx_word' id='word_1_156' title='bbox 411 2274 610 2326; x_wconf 84' lang='lat' dir='ltr'>affatus,</span> <span class='ocrx_word' id='word_1_157' title='bbox 674 2290 782 2320; x_wconf 89' lang='lat' dir='ltr'>eum</span> <span class='ocrx_word' id='word_1_158' title='bbox 828 2275 1004 2319; x_wconf 86' lang='lat' dir='ltr'>iterum</span> <span class='ocrx_word' id='word_1_159' title='bbox 1048 2275 1270 2336; x_wconf 85' lang='lat' dir='ltr'>serioque</span> <span class='ocrx_word' id='word_1_160' title='bbox 1318 2293 1456 2324; x_wconf 88' lang='lat' dir='ltr'>orare</span> <span class='ocrx_word' id='word_1_161' title='bbox 1502 2295 1557 2323; x_wconf 92' lang='lat' dir='ltr'>ac</span> 
     </span>
     <span class='ocr_line' id='line_1_27' title="bbox 224 2354 1558 2418; baseline 0.003 -19"><span class='ocrx_word' id='word_1_162' title='bbox 224 2354 484 2400; x_wconf 74' lang='lat' dir='ltr'>obsecrare</span> <span class='ocrx_word' id='word_1_163' title='bbox 527 2355 710 2415; x_wconf 87' lang='lat' dir='ltr'>coepit,</span> <span class='ocrx_word' id='word_1_164' title='bbox 761 2371 843 2400; x_wconf 91' lang='lat' dir='ltr'>sua</span> <span class='ocrx_word' id='word_1_165' title='bbox 887 2362 1031 2415; x_wconf 89' lang='lat' dir='ltr'>atque</span> <span class='ocrx_word' id='word_1_166' title='bbox 1071 2371 1257 2408; x_wconf 85' lang='lat' dir='ltr'>eorum,</span> <span class='ocrx_word' id='word_1_167' title='bbox 1303 2357 1390 2416; x_wconf 88' lang='lat' dir='ltr'>qui</span> <span class='ocrx_word' id='word_1_168' title='bbox 1417 2373 1558 2418; x_wconf 89' lang='lat' dir='ltr'>prae-</span> 
     </span>
     <span class='ocr_line' id='line_1_28' title="bbox 223 2433 1558 2495; baseline 0.003 -17"><span class='ocrx_word' id='word_1_169' title='bbox 223 2441 386 2478; x_wconf 81' lang='lat' dir='ltr'>sentes</span> <span class='ocrx_word' id='word_1_170' title='bbox 445 2433 671 2486; x_wconf 83' lang='lat' dir='ltr'>aderant,</span> <span class='ocrx_word' id='word_1_171' title='bbox 734 2433 1134 2478; x_wconf 87' lang='lat' dir='ltr'>nobilissimorum</span> <span class='ocrx_word' id='word_1_172' title='bbox 1193 2450 1448 2495; x_wconf 87' lang='lat' dir='ltr'>procerum</span> <span class='ocrx_word' id='word_1_173' title='bbox 1503 2453 1558 2482; x_wconf 85' lang='lat' dir='ltr'>ac</span> 
     </span>
     <span class='ocr_line' id='line_1_29' title="bbox 236 2513 1554 2575; baseline 0.005 -21"><span class='ocrx_word' id='word_1_174' title='bbox 236 2513 448 2558; x_wconf 84' lang='lat' dir='ltr'>virorum</span> <span class='ocrx_word' id='word_1_175' title='bbox 486 2514 664 2575; x_wconf 82' lang='lat' dir='ltr'>gratia,</span> <span class='ocrx_word' id='word_1_176' title='bbox 714 2521 771 2558; x_wconf 85' lang='lat' dir='ltr'>ut</span> <span class='ocrx_word' id='word_1_177' title='bbox 803 2513 1009 2558; x_wconf 83' lang='lat' dir='ltr'>liberum</span> <span class='ocrx_word' id='word_1_178' title='bbox 1056 2521 1240 2573; x_wconf 83' lang='lat' dir='ltr'>patrem</span> <span class='ocrx_word' id='word_1_179' title='bbox 1278 2514 1554 2561; x_wconf 80' lang='lat' dir='ltr'>dimitteret.</span> 
     </span>
     <span class='ocr_line' id='line_1_30' title="bbox 224 2590 1555 2653; baseline 0.001 -15"><span class='ocrx_word' id='word_1_180' title='bbox 224 2590 496 2652; x_wconf 80' lang='lat' dir='ltr'>Respondit</span> <span class='ocrx_word' id='word_1_181' title='bbox 543 2601 700 2638; x_wconf 84' lang='lat' dir='ltr'>autem</span> <span class='ocrx_word' id='word_1_182' title='bbox 758 2610 806 2637; x_wconf 90' lang='lat' dir='ltr'>se</span> <span class='ocrx_word' id='word_1_183' title='bbox 851 2593 1010 2639; x_wconf 83' lang='lat' dir='ltr'>ordini</span> <span class='ocrx_word' id='word_1_184' title='bbox 1058 2593 1282 2653; x_wconf 84' lang='lat' dir='ltr'>Equestri</span> <span class='ocrx_word' id='word_1_185' title='bbox 1334 2611 1389 2639; x_wconf 88' lang='lat' dir='ltr'>ac</span> <span class='ocrx_word' id='word_1_186' title='bbox 1441 2595 1555 2639; x_wconf 89' lang='lat' dir='ltr'>civi-</span> 
     </span>
    </p>
   </div>
  </div>
 </body>
</html>
