1811 3358
879 207 940 253 24

250 339 461 387 bavimus
514 354 568 385 ex
625 330 833 400 antiquis
889 336 1097 397 seriptis‘
1126 334 1384 379 Henrieum
1429 350 1555 381 mor-

252 428 386 465 tuum
429 433 526 464 esse
558 433 680 463 anno
714 417 835 465 1182
860 424 910 462 et
943 413 1230 473 filiumejus
1265 427 1385 458 anno
1413 412 1571 466 1181,-

251 496 380 558 quod
426 497 568 542 etiam
611 496 779 542 scribit
824 497 1093 550 Pontanus;
1145 494 1232 553 qui
1283 500 1439 538 tamen
1492 492 1568 538 di-

250 577 316 622 cit
358 574 645 623 Gerhartum
679 574 822 620 fuisse
865 573 1121 624 Comitem,
1148 586 1246 616 non
1291 586 1404 617 vero
1452 578 1571 616 tuno

251 654 435 701 addidit
471 653 606 714 eujus
642 654 859 716 regionis.
898 653 1047 698 'Sunt
1091 652 1234 697 etiam
1279 651 1365 712 qui
1402 650 1570 697 dicunt

248 733 539 782 Gerhartum
585 733 726 779 fuisse
772 732 1000 778 Comitem
1045 730 1269 777 Velaviae
1317 729 1433 790 quia
1472 729 1574 776 Vea

249 814 371 859 lavia
425 821 529 860 erat
569 813 663 858 Dos
709 812 871 857 matris
913 810 1050 871 ejus(
1097 808 1191 854 Sed
1231 816 1414 855 constat
1459 811 1566 855 eum

246 908 418 939 nomen
464 893 654 954 gessisse
701 892 892 938 Comitis
944 888 1262 939 Boloniensis‚
1314 887 1372 932 ab
1419 903 1564 932 uxore

250 973 338 1019 Ida
384 973 564 1019 Comite
609 972 904 1021 Boloniensi‚
947 969 1045 1014 filia
1087 967 1314 1012 Matthaei
1358 983 1384 1012 a
1432 968 1567 1014 Flan-

247 1050 353 1096 dria
399 1050 479 1112 (1).
517 1051 603 1096 *Et
650 1053 894 1096 'successor
936 1047 1083 1108 igitur
1130 1045 1326 1090 Henriei
1376 1047 1469 1092 fuit
1514 1047 1571 1092 fid

247 1129 339 1174 lius
366 1129 469 1188 ejus
502 1136 617 1173 natu
656 1129 812 1173 minor
847 1127 986 1176 Otto,
1021 1124 1185 1168 floruit
1216 1131 1429 1184 tempore
1456 1123 1574 1170 Fre-³·

249 1208 400 1254 deriei
441 1209 750 1268 Imperatoris
792 1207 1115 1253 Romanorum
1150 1204 1224 1248 vir
1270 1203 1406 1249 valde
1446 1211 1566 1250 stre-

248 1302 382 1331 nuus.
448 1285 649 1332 Uxorem
687 1285 821 1329 duxit
860 1282 1145 1330 Richardam
1181 1282 1322 1328 Ducis
1357 1282 1569 1328 Braban-

252 1365 348 1410 tiae
399 1363 569 1416 filiam,
620 1379 743 1409 anno
794 1361 943 1413 1182,
990 1377 1114 1421 quae
1166 1369 1263 1406 tres
1306 1362 1377 1406 illi
1423 1378 1571 1423 pepe-

251 1444 316 1488 rit
362 1444 483 1488 filios
532 1459 700 1503 nempe
753 1442 1039 1491 Hemicum,
1090 1440 1312 1486 Ottonem
1350 1442 1435 1501 qui
1479 1440 1570 1486 fuit

247 1522 509 1584 Episcopus
551 1521 865 1581 Trajeetensis
899 1528 948 1565 et
987 1518 1275 1572 Gerhartus,
1322 1521 1407 1580 qui
1441 1522 1569 1581 patri

255 1601 480 1646 suecessit
522 1601 571 1645 in
604 1600 839 1646 Comitatu
885 1605 933 1643 et
974 1612 1116 1642 unam
1155 1597 1302 1642 filiam
1345 1599 1573 1644 Adelhei-

247 1679 356 1725 dam
394 1688 592 1741 nuptam
635 1677 873 1726 Gulielmo
912 1676 1082 1723 Comiti
1130 1676 1318 1722 Frisiae.
1385 1678 1570 1723 Bellum

246 1759 388 1820 gessit
422 1766 588 1804 contra
638 1758 925 1818 Episcopum
957 1755 1330 1815 Trajeotensem,
1379 1756 1429 1801 in
1471 1772 1568 1818 quo

246 1839 533 1900 expugnavit
580 1838 898 1884 Daventriam.
962 1836 1063 1882 Hae
1115 1843 1273 1882 autem
1324 1835 1570 1885 obsidione,

245 1915 407 1969 finita,
443 1917 642 1963 Veluam
681 1916 899 1964 Gelrensi
942 1915 1195 1961 Comitatui
1237 1914 1435 1974 adjecit,
1477 1916 1567 1962 hae

317 2060 382 2107 (ι)
409 2058 622 2095 Gerhartus
655 2059 812 2103 Comes,
834 2057 939 2092 Idam
975 2055 1091 2092 filiam
1126 2056 1280 2092 Comitis
1314 2052 1549 2096 Boloniensis

266 2125 370 2162 duxit
397 2137 551 2161 uxorem
583 2131 621 2159 et
650 2122 756 2160 brew‘
790 2122 1030 2172 postmodum
1074 2129 1243 2158 mortuus
1274 2131 1331 2159 est
1373 2125 1547 2161 Auctaa-

262 2193 389 2237 rium,
423 2189 731 2236 Aquicinctinum
764 2188 816 2223 ad
844 2199 985 2223 annum
1017 2190 1125 2223 1181.
1168 2185 1380 2224 Gerhartus
1402 2181 1546 2224 ‘Comes

264 2255 311 2291 de
341 2253 457 2291 Gelre
490 2253 598 2290 Idam
636 2251 750 2287 filiam
779 2250 958 2289 Matthaei
990 2258 1027 2287 et
1049 2250 1184 2288 Mariae
1217 2251 1435 2289 Comitissae
1471 2243 1558 2287 Bo·->

262 2318 444 2355 leniensis
476 2316 579 2354 duxit
615 2329 768 2353 uxorem
801 2324 839 2353 et
869 2316 975 2353 brevi
1016 2317 1257 2366 postmodum
1287 2324 1454 2353 mortuus
1489 2322 1547 2352 est

262 2385 435 2420 Anselmi
449 2384 625 2419 Gembiae
647 2383 700 2418 ad
720 2394 861 2429 annum
884 2385 990 2419 1181.
1013 2382 1066 2416 ad
1074 2383 1176 2418 Pist.
1198 2384 1304 2417 S.R.
1329 2383 1372 2416 G.
1392 2383 1494 2416 Tom.
1508 2382 1542 2417 Ι.

258 2459 303 2493 p.
327 2450 412 2493 989.
465 2447 512 2482 In
542 2443 714 2493 Amhivis
748 2444 952 2481 Comitatus
993 2442 1255 2480 Atrebasensis
1292 2451 1349 2480 est
1381 2443 1541 2492 epistola

264 2511 367 2559 cujus
397 2509 544 2546 Titulus
579 2516 655 2556 est,
684 2511 839 2545 Lethes
861 2510 904 2544 de
932 2508 1084 2544 Germ-d
1107 2509 1236 2543 Comte
1259 2508 1302 2543 de
1340 2510 1535 2553 Boulogne

266 2584 305 2611 et
332 2576 376 2611 de
413 2575 597 2613 Gueldre.
