1811 3358
888 225 977 268 115

261 369 358 398 non
396 354 604 414 potuisse
638 353 768 398 iniis
800 355 1080 405 succedere,
1117 371 1168 398 ex
1210 357 1458 417 privilegio
1499 359 1597 405 Re-

258 435 327 493 gis
363 433 575 494 Adolphi
609 433 847 484 Nassavii,
897 450 1045 492 quum
1081 449 1166 493 per
1203 434 1474 493 hujusmodi
1507 455 1590 481 110-

256 530 336 557 vas
368 510 698 563 investituras,
743 513 936 572 penitus
983 514 1265 560 tollerentur
1299 524 1459 561 vetera
1491 518 1592 577 pri-

255 593 455 653 vilegia,
508 593 659 636 veluti
697 593 840 637 etiam
890 609 977 652 per
1023 609 1121 637 non
1168 609 1301 636 usum
1336 603 1418 638 aut
1453 613 1589 641 usum

253 673 575 728 eontrarium;
633 672 779 732 idque
829 688 886 716 eo
936 672 1150 724 facilius,
1200 689 1348 731 quum
1401 675 1586 720 sublato

247 754 499 813 privilegio
549 769 622 795 res
665 752 924 796 revertitur
972 752 1031 795 ad
1078 753 1287 811 priorem
1341 770 1469 797 suam
1500 770 1583 799 ua-

250 840 432 882 turam,
478 832 609 891 quod
644 832 722 875 hic
768 831 989 874 obtinuit.
1041 832 1158 874 Nam
1190 832 1330 877 feuda
1368 834 1461 892 jam
1500 851 1582 878 na-

249 919 358 956 tura
392 919 501 955 sunt
548 912 782 962 mascula,
841 918 890 956 et
937 912 1038 956 sine
1093 912 1288 972 speciali
1330 914 1584 975 privilegio

243 991 307 1039 ad
350 991 576 1036 foeminas
616 1008 712 1035 non
755 998 1018 1036 transeunt.

309 1071 544 1115 Clivenses
592 1072 735 1115 etiam
801 1072 1142 1131 possessionem
1187 1089 1316 1116 suam
1372 1073 1576 1133 probare

242 1152 465 1196 volebant
515 1168 571 1195 ex
623 1167 855 1195 consensu
908 1151 1063 1195 Caroli
1114 1152 1406 1212 Egmondani
1455 1161 1576 1213 (qua

241 1231 300 1276 de
342 1248 394 1276 re
439 1231 641 1276 vidimus
685 1232 735 1275 in
773 1232 917 1275 Parte
966 1233 1188 1290 Priore),
1247 1233 1329 1276 sed
1372 1233 1463 1291 ipsi
1506 1232 1573 1276 ibi

239 1309 593 1361 contradicunt,
647 1310 762 1369 quia
814 1318 923 1353 ante
974 1318 1021 1354 et
1070 1311 1212 1354 etiam
1261 1312 1310 1355 in
1360 1311 1572 1355 Comitiis

236 1390 662 1436 Ratisbonensibus
698 1390 922 1433 dixerunt
958 1391 1178 1434 Carolum
1213 1407 1460 1450 nunquam
1492 1391 1573 1450 jus

231 1469 428 1529 aliquod
487 1470 706 1514 habuisse
768 1471 817 1513 in
877 1471 1114 1514 Ducatum
1179 1479 1228 1514 et
1287 1471 1573 1515 Comitatum

233 1549 394 1609 (quod
426 1557 582 1593 tamen
612 1565 709 1593 non
746 1549 1077 1609 concedimus)
1114 1566 1272 1610 neque
1308 1549 1567 1594 secundum

230 1628 260 1671 l.
305 1626 378 1673 54.
412 1628 459 1672 ff,
497 1628 556 1672 de
602 1629 658 1674 R.
691 1628 731 1672 J.
777 1629 973 1673 Carolus
1014 1630 1095 1688 jus
1145 1631 1276 1690 quod
1321 1631 1420 1690 ipse
1466 1647 1564 1675 non

226 1707 454 1758 habebat,
502 1708 644 1752 alteri
682 1707 945 1752 concedere
990 1717 1229 1769 potuerat.
1299 1711 1564 1771 Propterea

224 1803 320 1831 non
384 1794 574 1846 poterat
637 1787 831 1832 Carolus
883 1788 1215 1847 Egmondanus
1264 1799 1429 1836 eontra
1477 1809 1561 1836 sua

226 1875 366 1928 pactu
409 1866 740 1912 Gorinehomii
778 1875 826 1911 et
871 1868 1075 1913 Graviae
1120 1885 1226 1911 cum
1265 1870 1561 1929 imperatore

221 1946 364 1997 inita,
397 1945 661 2005 quidquam
695 1954 903 1991 statuere
937 1964 1043 1991 eum
1075 1948 1394 2000 Clivensibus,
1427 1952 1559 2009 quod

219 2026 364 2070 fidem
393 2026 592 2070 istorum
626 2024 874 2068 foederum
907 2026 1128 2082 violaret3
1166 2042 1314 2085 quum
1342 2027 1401 2073 ab
1434 2029 1555 2074 obli-

217 2108 407 2166 gatione
451 2106 595 2150 semel
639 2114 883 2150 contracta
930 2123 1069 2150 nemo
1112 2108 1283 2167 possit,
1330 2107 1551 2153 adversa-

219 2187 290 2230 rio
327 2185 507 2236 invito,
545 2186 774 2230 recedere
810 2187 904 2246 (l);
941 2187 1074 2246 quod
1116 2188 1311 2231 maxime
1365 2188 1552 2233 obtinet

212 2265 263 2310 in
307 2265 580 2327 principum
622 2267 977 2318 contractibus,
1013 2267 1098 2325 qui
1134 2276 1389 2314 censentur
1427 2286 1546 2313 sem-

213 2360 300 2405 per
353 2345 533 2404 optimo
579 2346 776 2389 consilio
826 2346 931 2390 fieri
997 2346 1092 2407 (2),
1140 2361 1289 2406 quare
1339 2350 1378 2393 si
1423 2349 1543 2409 quid

282 2519 343 2562 (ι)
376 2519 420 2551 L.
456 2529 494 2553 12
529 2518 622 2553 (jod.
656 2518 701 2553 de
740 2517 935 2553 Actionib.
971 2519 1072 2554 Enni
1097 2525 1135 2552 et
1169 2517 1333 2555 venditi.

283 2581 344 2625 (2)
376 2580 506 2616 §azius
542 2581 689 2618 Consil.
722 2583 835 2620 Vlll.
861 2581 928 2619 ΝΟ.
962 2584 1007 2617 24
1036 2588 1073 2617 et
1104 2583 1168 2619 25.
