1811 3358
902 188 974 273 is

352 357 532 404 Nomen
597 357 778 403 comitis
840 354 1030 404 Gelriae
1088 356 1295 418 primum
1359 357 1601 403 invenitur

293 450 415 482 anno
451 434 601 489 1094,
633 451 729 496 quo
768 442 980 496 tempore
1024 435 1154 480 testis
1188 433 1280 480 fuit
1328 434 1378 480 in
1429 436 1608 498 episto-

292 517 340 562 la
375 515 464 578 (1),
499 522 550 560 et
590 513 683 560 fuit
732 514 813 559 ille
861 511 1150 566 Gerhartus,
1203 511 1263 559 de
1313 529 1410 575 quo
1455 529 1606 575 pauca

288 596 470 642 scimus.
552 592 761 641 Gelriam
811 600 1034 654 tanquam
1079 593 1274 638 feudum
1323 592 1492 639 habuit
1541 592 1602 639 ab

294 676 591 737 Imperatore
631 671 865 720 Germano
911 672 1118 718 Henrieo
1150 672 1233 720 IV.
1263 672 1507 734 (regnavit
1545 672 1605 718 ab

290 770 413 800 anno
458 750 811 813 1061—1107).
876 751 1036 798 Comes
1075 751 1166 797 suit
1210 767 1362 813 usque
1412 752 1473 798 ad
1520 768 1605 798 an-

290 850 405 879 num
441 833 591 885 1117,
623 847 722 893 quo
748 840 960 877 mortuus
993 839 1084 884 est,
1132 847 1241 877 nam
1280 832 1448 877 ultimo
1497 833 1604 877 loco

285 929 456 960 nomen
507 913 609 973 ejus
655 914 864 957 occurrit
903 912 956 957 in
997 912 1197 973 epistola
1243 912 1340 958 diei
1375 910 1434 958 14
1483 912 1600 973 Sep-

288 991 483 1036 tembris
513 991 624 1036 anni
654 991 789 1048 1117;
823 1007 920 1052 quo
947 1001 1160 1053 tempore
1182 992 1333 1037 adfuit
1361 993 1463 1053 ipse
1495 1007 1602 1038 cum

283 1071 384 1118 filio
419 1087 502 1118 suo
538 1071 776 1119 Gerharto
807 1072 1142 1119 traditionibus
1174 1087 1298 1133 quae
1331 1071 1509 1117 fiebant
1539 1071 1600 1117 ab

284 1151 658 1213 Archiepiscopo
726 1152 991 1198 Coloniensi
1065 1154 1099 1198 F
1104 1151 1347 1204 rederico,
1426 1151 1599 1196 montis

280 1229 581 1291 Menegelpe‚
631 1232 916 1277 monasterio
966 1231 1143 1276 Siflick.
1225 1230 1354 1275 Haec
1399 1229 1598 1291 epistola

280 1311 527 1355 utilissima
559 1318 652 1362 est,
699 1311 813 1370 quia
856 1309 993 1354 nobis
1028 1309 1234 1355 illustrat
1272 1308 1469 1353 dubium
1514 1325 1598 1355 an-

280 1387 500 1448 tiquioris
535 1387 881 1447 conjunctionis
916 1386 1105 1433 Gelriae
1150 1403 1257 1433 cum
1296 1388 1587 1448 Zutphania,

278 1475 329 1513 et
373 1467 606 1512 Henricus
649 1480 801 1510 comes
854 1465 1148 1525 Zutphaniae
1194 1465 1465 1511 nominatur
1520 1467 1592 1511 in-

275 1554 351 1593 ter
386 1553 528 1593 testes
559 1544 703 1605 hujus
735 1544 990 1605 epistolae3
1025 1544 1153 1589 unde
1184 1544 1382 1605 probari
1437 1552 1596 1605 potest

273 1639 331 1671 eo
366 1631 579 1686 temporo
613 1624 730 1669 duos
764 1624 848 1669 hos
881 1623 1134 1667 comitatus
1164 1630 1402 1684 separatos
1429 1623 1590 1670 fuisse.

269 1705 518 1766 Regnante
543 1703 780 1752 Gerharto
813 1710 1030 1748 mortuus
1064 1709 1136 1747 est
1165 1703 1434 1763 Imperator
1459 1703 1590 1749 Hen-

270 1783 398 1830 ricus
430 1784 476 1831 V
508 1785 632 1845 (nam
657 1791 794 1844 pater
823 1782 926 1842 ejus
960 1782 1197 1827 Hem-icus
1233 1782 1305 1828 IV
1329 1782 1430 1842 jam
1455 1790 1587 1837 ante,

267 1871 497 1924 regnante
555 1862 750 1914 eodem,
815 1867 1030 1906 mortuus
1103 1862 1267 1922 erat),
1334 1860 1586 1922 Ultrajecti

267 1943 382 1988 anni
413 1941 563 1996 1116,
613 1956 927 1988 successorem
975 1939 1250 2000 relinquens
1292 1940 1582 1989 Lotharium.

265 2019 530 2068 Gerhartus
591 2037 687 2067 non
765 2020 849 2066 diu
907 2026 1145 2081 superstes
1203 2018 1296 2066 fuit
1353 2019 1581 2074 Henrico,

263 2112 372 2145 nam
403 2108 620 2147 mortuus
657 2109 729 2147 est
763 2115 886 2147 anno
922 2106 1179 2160 sequente:
1224 2099 1350 2146 filius
1384 2101 1428 2147 ei
1475 2117 1580 2148 sue-

266 2179 405 2224 cessit
437 2180 487 2224 in
535 2181 761 2226 comitatu
805 2179 995 2225 nomine
1045 2178 1271 2227 Gerharti
1316 2179 1384 2225 ΙΙ.

326 2257 484 2303 Pauca
512 2266 695 2305 tantum
736 2273 901 2304 eorum
933 2273 1058 2319 quae
1091 2257 1205 2304 fecit
1253 2266 1362 2304 ante
1402 2275 1576 2305 annum

266 2334 391 2383 1128
421 2335 483 2383 ad
511 2338 728 2384 notitiam
750 2345 956 2385 nostram
988 2346 1322 2400 pervenerunt.
1386 2338 1446 2384 In
1479 2339 1575 2386 fine

330 2519 392 2564 (1)
420 2521 509 2559 Vid.
543 2536 578 2560 v.
607 2522 751 2571 Spaen,
784 2525 898 2562 Gord.
919 2525 1063 2563 Iatetd.
1086 2532 1143 2562 tot
1166 2525 1210 2562 de
1232 2526 1340 2562 Hc‘st.
1362 2537 1434 2562 van
1463 2527 1554 2562 Gel-

272 2583 439 2621 der-laad
467 2589 511 2623 T.
549 2588 582 2624 Ι.
605 2601 648 2634 p.
686 2600 772 2634 209.
