1811 3358
867 232 930 277 25

232 365 387 404 tamen
447 358 578 420 lege,
605 369 658 408 ut
706 362 755 407 in
795 362 987 408 seudum
1031 361 1090 408 ab
1144 360 1378 426 Episcopo
1434 363 1551 410 Tra-

221 438 426 497 jectensi
476 440 788 500 acciperetur.
855 440 956 485 Hoc
991 447 1149 486 autem
1194 440 1323 485 bello
1356 459 1549 505 compo-

224 519 314 562 sito
347 534 454 563 cum
484 519 780 579 Imperatore
811 519 1067 565 Frederico
1098 521 1150 566 in
1179 521 1375 568 Terram
1405 524 1550 568 Sanc-

228 605 347 649 tam,
393 612 516 641 anno
560 597 820 644 Comitatus
871 600 944 644 sui
989 608 1186 653 octavo,
1230 602 1552 662 proficiscitur

227 693 336 723 cum
378 675 601 738 Philippo
658 678 949 723 Francorum
989 686 1040 725 et
1079 679 1324 725 Richardo
1375 680 1557 742 Anglo-

230 774 335 802 rum
383 756 573 816 regibus
621 765 670 803 et
715 758 959 803 Florentio
1009 758 1291 805 Hollandiae
1341 766 1391 806 et
1442 760 1558 805 Phi-

226 837 358 897 lippo
411 835 660 881 flandriae
695 837 984 889 Comitibus,
1019 837 1148 882 unde
1199 846 1249 884 et
1292 840 1555 886 revertitur

228 932 324 960 non
372 916 471 960 sine
521 916 684 975 gloria.

292 996 495 1042 Interim
558 995 766 1056 exsurgit
822 996 948 1041 inter
1015 997 1368 1058 Trajectensem
1420 996 1559 1058 Epis-

230 1091 428 1136 copum,
473 1082 521 1119 et
560 1072 908 1118 Theodoricum
939 1075 1219 1121 Hollandiae
1251 1085 1299 1122 et
1334 1077 1559 1123 Ottonem

231 1153 423 1200 Gelriae
466 1153 696 1202 Comites,
728 1168 895 1210 magna
949 1153 1008 1197 lis
1056 1170 1135 1205 eo,
1185 1155 1317 1214 quod
1367 1155 1562 1214 Trajec-

231 1232 376 1278 tensis
406 1231 693 1291 Episcopus,
723 1229 1051 1283 Guilielmum,
1090 1233 1348 1279 Orientalis
1382 1233 1562 1278 Frisiae

229 1309 479 1361 Comitem,
517 1308 806 1355 Theoderici
823 1309 1106 1356 Hollandiae
1140 1313 1323 1358 comitis
1342 1313 1560 1364 fratrem,

230 1388 569 1441 infestaverat,
603 1388 745 1448 eique
785 1388 884 1433 vim
914 1389 1166 1442 intulerat,
1206 1407 1356 1451 quare
1392 1390 1562 1452 grandi

230 1486 373 1516 manu
393 1479 575 1523 coacta,
595 1471 717 1516 alter
738 1469 930 1516 Gelriae
951 1487 1104 1516 comes
1119 1472 1296 1517 Trans-
1311 1474 1564 1520 Isalaniam

228 1557 280 1595 et
305 1551 428 1595 alter
457 1550 824 1597 Cis-Isalaniam
851 1551 1112 1610 populatur
1130 1586 1140 1603 ‚
1159 1554 1564 1615 munimentisque

230 1628 520 1674 Daventriae
551 1644 579 1674 a
614 1626 806 1675 Gelriae
838 1628 1010 1674 comite
1049 1631 1309 1692 oppositis,
1356 1632 1471 1677 urbs
1506 1649 1562 1678 ea

228 1717 551 1770 oppugnatur.

298 1789 470 1834 Postea
510 1805 601 1849 pax
643 1789 772 1834 inter
816 1788 1009 1836 Gelriae
1051 1798 1100 1836 et
1146 1791 1430 1837 Hollandiae
1474 1792 1564 1838 Co-

231 1867 369 1913 mites
415 1877 486 1913 est
539 1868 746 1919 firmata,
793 1868 1087 1914 hac-autem
1128 1871 1233 1931 lege
1269 1878 1324 1915 ut
1371 1870 1565 1917 Gelriae

230 1948 417 1992 comitis
462 1947 588 1991 filius
624 1947 860 1992 Henricus
895 1965 1088 1994 uxorem
1124 1949 1323 1995 duceret
1365 1951 1564 1996 alterius

230 2026 416 2071 comitis
463 2026 608 2070 filiam
642 2026 727 2085 qui
776 2025 912 2071 ambo
950 2027 1156 2087 juvenili
1197 2036 1352 2073 aetate
1398 2028 1562 2074 deces-

231 2105 617 2166 serunt,sepulti
647 2105 698 2148 in
712 2105 1058 2166 Reinsburgico
1084 2109 1382 2153 manasterio.
1426 2109 1563 2154 Post-

227 2200 288 2230 ea
333 2184 448 2230 Otto
480 2183 674 2230 Gelriae
723 2191 771 2228 et
825 2183 1076 2230 Didericus
1124 2185 1248 2238 VII,
1279 2186 1561 2233 Hollandiae

232 2263 436 2309 Comites
513 2262 757 2323 conjuncti
839 2263 1018 2310 bellum
1083 2274 1328 2326 gesserunt
1398 2274 1563 2311 contra

229 2344 520 2405 Episcopum
567 2342 991 2402 Ultrajectensem,
1041 2345 1128 2404 qui
1175 2346 1442 2406 vectigaliav
1477 2346 1563 2388 im-

232 2439 413 2483 ponere
429 2421 590 2467 Frisiis
623 2421 825 2466 volebat.
863 2422 977 2467 Otto
1008 2423 1177 2467 invasit
1209 2425 1559 2469 Trans-Isaia—

234 2503 359 2546 niam
404 2509 450 2546 et
499 2501 663 2546 Comes
700 2500 978 2545 Hostandiae
1017 2501 1396 2558 Ulli-ajectinum.
1448 2504 1560 2557 Otto

238 2582 604 2640 Saxoniae‚qui
651 2582 869 2625 successit
923 2582 969 2624 in
1010 2582 1267 2639 imperium
1315 2584 1563 2628 Germani-

1193 2672 1220 2702 —4
