1811 3358
814 265 865 313 'll

198 404 328 442 sente
367 397 498 443 Duce
544 413 571 443 a
605 398 782 448 Monte,
829 411 884 440 ac
923 393 1072 455 partis
1118 395 1370 455 utriusque
1405 408 1519 439 con-

201 476 418 521 siliariis:
467 492 556 537 per
599 477 683 520 hos
735 475 980 519 decretum
1024 472 1202 517 factum
1244 482 1341 526 est,
1388 473 1521 535 quod

201 563 490 601 memoratur
530 570 556 599 a
603 555 818 600 Pontano
869 569 973 614 pag.
1010 552 1128 604 375,
1172 552 1235 601 76
1270 560 1318 598 et
1353 553 1425 600 77.

263 635 404 680 Anno
449 631 571 680 1410
605 641 821 679 mortuus
856 640 926 678 est
956 632 1225 692 Imperator
1258 633 1520 693 Rupcrtus,

200 715 278 759 cui
322 729 563 759 successor
610 713 879 759 declaratus
923 712 982 758 ab
1017 712 1339 764 Electoribus,
1383 711 1523 771 Sigis-

196 792 399 837 mundus
460 808 542 838 rex
586 792 860 854 Hungariae
921 799 971 837 et
1015 791 1297 849 Bohemiae3
1366 789 1522 835 Caroli

194 871 267 918 IV
307 871 447 916 filius.

259 951 402 996 Anno
437 948 561 997 1414
602 951 687 998 has
722 952 772 997 in
802 967 907 997 oras
942 951 1045 1012 ipso
1080 951 1204 997 veris
1239 949 1374 994 initio
1409 963 1520 1010 pro-

197 1031 348 1076 fectus
404 1030 599 1075 advenit
653 1037 736 1081 ut,
805 1030 932 1074 inter
992 1037 1178 1081 cetera,
1229 1027 1519 1089 Aquisgrani

198 1110 381 1154 solenni
424 1110 521 1154 ritu
558 1109 952 1169 inauguraretur3
998 1108 1076 1152 hic
1109 1116 1301 1169 praeter
1335 1116 1518 1153 ceteros

197 1188 402 1233 adfuisse
466 1189 511 1232 ei
564 1187 849 1232 Reinalduln
900 1187 1080 1230 Ducem
1135 1195 1183 1231 ct
1233 1185 1520 1232 Gulielmum

198 1267 258 1311 ab
297 1266 507 1318 Arckel,
556 1267 768 1326 aliosque
821 1266 1037 1327 dynastas
1087 1281 1141 1310 ac
1176 1265 1328 1326 Belgii
1377 1265 1518 1310 Prin-

192 1347 348 1406 cipes,
398 1346 506 1391 fasti
543 1345 791 1391 domestici
850 1353 1114 1391 memorant
1163 1345 1516 1405 ostenduntque

200 1433 305 1470 acta
333 1424 540 1485 publica.
575 1424 759 1470 Deinde
787 1425 909 1470 Duci
940 1425 1092 1470 eidem
1126 1424 1358 1471 Reinaldo
1393 1425 1519 1485 ejus-

194 1519 290 1563 que
334 1502 592 1548 heredibus
641 1519 695 1548 ac
728 1505 960 1565 posteris,
1009 1504 1171 1549 alteris
1204 1504 1382 1556 literis,
1419 1519 1523 1548 om-ยน

192 1584 272 1628 nia
316 1583 736 1643 praedecessorum
780 1583 906 1639 ejus,
953 1584 1228 1642 ipsiusque,
1277 1599 1399 1643 quae
1433 1582 1517 1627 ha-

193 1660 332 1706 beret
367 1677 394 1705 a
434 1675 567 1705 sacro
602 1659 804 1720 imperio
847 1661 1128 1723 privilegia,
1175 1662 1518 1714 immunitates,

193 1741 574 1801 pignorationes,
620 1739 1008 1798 jurisdictiones,
1057 1742 1226 1795 feuda,
1279 1742 1521 1802 chirogra-

197 1820 294 1881 pha
354 1835 409 1864 ac
471 1818 780 1871 donationes,
836 1819 954 1864 haec
1000 1821 1195 1880 inquam
1242 1821 1423 1880 singula
1473 1821 1518 1865 ei

196 1899 395 1958 ejusque
444 1899 666 1959 legitimis
702 1899 1048 1944 successoribus
1091 1916 1338 1945 renovasse
1372 1907 1520 1960 atque

199 1978 413 2023 stabilire
450 1978 701 2040 'professus
748 1987 831 2024 est.

261 2058 403 2101 Anno
441 2056 565 2104 1418
606 2066 655 2102 et
682 2058 1025 2118 praecedente,
1061 2076 1116 2105 ex
1147 2059 1314 2106 ordine
1349 2075 1519 2120 eques-

196 2135 259 2179 tri
306 2136 516 2181 Ducatus
561 2134 752 2182 Gelriae
803 2152 857 2181 ac
913 2136 1170 2182 Comitatus
1221 2137 1516 2198 Zutphaniae

197 2212 441 2257 unanimes
471 2230 525 2258 ac
568 2230 664 2258 uno
697 2229 779 2259 ore
807 2230 989 2267 omnes,
1022 2231 1120 2276 quo
1157 2233 1248 2277 pax
1283 2218 1517 2279 tranquil-

191 2290 396 2352 litasque
438 2292 660 2337 universo
707 2292 915 2337 Ducatui
960 2309 1014 2338 ac
1049 2293 1303 2341 Comitatui
1349 2304 1513 2357 optata

196 2378 459 2423 constaret,
507 2378 838 2417 statueruntur
877 2372 1131 2432 jurarunt,
1176 2391 1225 2420 se
1269 2391 1365 2420 una
1406 2390 1513 2420 cum

197 2450 381 2509 reliquo
424 2449 633 2495 Ducatus
672 2449 862 2497 Gelriae
897 2454 1108 2512 equestri
1142 2453 1332 2507 ordine,
1374 2462 1429 2500 ut
1462 2461 1515 2500 et

196 2527 391 2572 urbibus
437 2529 781 2591 principalibus
827 2531 1002 2584 tribus,
1050 2548 1103 2578 ac
1151 2533 1338 2595 oppidis
1381 2541 1511 2580 cete-

197 2605 288 2656 ris,
336 2606 372 2649 si
417 2606 540 2654 sorte
583 2609 762 2656 Ducem
816 2610 1004 2658 Gelriae
1041 2628 1093 2657 ac
1128 2613 1297 2661 Juliaci
1332 2629 1385 2661 ac
1419 2613 1508 2659 Co-
