1811 3358
886 254 976 310 102

256 392 409 443 sarem
441 399 512 440 est
555 409 665 440 usus
701 393 1117 454 deprecatoribus,
1155 393 1417 439 Arausiaco
1457 395 1598 442 Prin·-

255 480 360 538 eipe
380 513 389 529 ,
411 477 597 523 Renato
634 475 885 521 Nassavieo
900 511 910 528 ‚
947 475 1156 520 Henrieo
1177 474 1596 522 Brunsvicensium

254 557 412 609 Duce,
454 555 835 615 Arehiepiseopo
877 554 1144 601 Coloniensi
1182 555 1478 608 Hermanno,
1514 565 1596 601 aut

254 637 358 698 ejus
404 636 584 698 legatis.
661 634 739 681 Ab
787 634 862 679 his
916 635 966 679 in
1028 643 1183 680 castra
1239 634 1468 680 Caesarea
1515 635 1598 681 de-

255 717 427 763 ductus
475 717 674 778 supplex
724 733 751 761 a
793 716 992 761 Caesare
1041 716 1229 762 veniam
1287 716 1456 776 petiit3
1511 716 1597 762 ob..

250 798 449 843 tendens
489 797 753 859 praecipue
791 796 1034 856 juveniles
1066 812 1212 841 annos
1253 803 1302 840 et
1348 795 1593 840 lubricum

255 877 360 937 ejus
401 879 599 930 aetatis,
649 887 796 938 atque
846 878 1024 923 addens
1061 886 1328 938 postremo,
1374 894 1511 938 posse
1544 890 1596 923 se

248 960 436 1018 culpam
475 966 523 1003 et
577 974 791 1003 errorem
836 958 964 1003 hunc
996 975 1161 1010 suum,
1195 965 1441 1003 constante
1477 973 1594 1018 erga

252 1038 498 1082 Caesarem
559 1035 655 1081 fide
721 1035 874 1082 deleri
940 1038 991 1082 in
1041 1046 1288 1099 posterum
1339 1046 1388 1082 et
1432 1053 1593 1082 emen-

251 1116 369 1161 dari.
437 1112 571 1177 Quae
615 1115 764 1161 verba
812 1115 1052 1177 excipiens
1110 1115 1300 1167 Caesar,
1354 1122 1438 1160 aut
1486 1114 1593 1174 ejus

249 1198 441 1241 nomine
504 1197 843 1249 cancellarius,
888 1195 1165 1257 respondit,
1221 1196 1595 1256 imperatoremr

251 1283 505 1336 perspecta
541 1275 644 1335 ejus
681 1275 992 1320 submissione
1029 1275 1117 1320 Dei
1152 1274 1263 1335 Opt.
1300 1274 1486 1319 Maximi
1519 1276 1593 1319 in-

253 1357 404 1407 tuitu,
442 1357 519 1400 cui
569 1356 726 1400 omnia
766 1371 848 1400 sua
893 1357 1101 1400 referret
1132 1361 1355 1414 accepta,
1397 1362 1496 1398 tum
1542 1361 1599 1399 etr

249 1435 523 1497 principum
572 1442 718 1495 atque
761 1433 984 1478 ordinum
1042 1432 1242 1492 Imperii
1288 1432 1591 1479 intercessio-

250 1531 341 1567 ne,
376 1533 430 1561 ae
465 1518 596 1577 pacis
645 1515 723 1559 vel
758 1514 958 1558 maximo
1000 1512 1158 1556 studio
1203 1519 1252 1556 et
1283 1521 1337 1557 ut
1365 1514 1594 1559 tollerem.

250 1604 331 1641 tur
367 1598 664 1657 gravissima,
698 1611 824 1654 quae
848 1610 902 1637 ex
938 1593 1028 1636 hoe
1064 1592 1190 1636 belle
1226 1593 1438 1636 Ducatus
1475 1595 1593 1639 Gel-

252 1678 352 1721 riae
388 1692 443 1721 ae
488 1676 750 1721 Comitatus
803 1672 1105 1734 Zutphaniae
1156 1672 1352 1725 ineolis,
1404 1689 1460 1718 ac
1501 1676 1592 1719 toti

251 1755 464 1816 denique
528 1755 813 1802 Germaniae
864 1754 994 1815 genti
1046 1753 1374 1805 imminerent,
1414 1754 1596 1798 incom-

248 1834 416 1887 moda,
453 1834 576 1881 hane
613 1836 762 1898 ipsius
808 1836 1071 1880 clementer
1124 1834 1378 1879 admittere
1418 1833 1594 1896 depre-

249 1916 510 1971 cationem3
546 1923 692 1976 atque
736 1914 849 1959 inde
890 1915 940 1959 in
990 1914 1190 1973 gratiam
1221 1921 1292 1958 est
1335 1923 1585 1976 receptus,

252 1996 397 2040 certis
441 1994 658 2055 legibus,
705 2010 831 2054 quae
881 2010 907 2038 a
951 1993 1178 2053 delegatis
1223 1993 1434 2040 Caesaris
1482 2011 1595 2040 eon-

251 2082 392 2134 cepta
435 2082 582 2133 atque
630 2072 875 2133 designata
923 2080 1032 2117 sunt
1071 2072 1150 2117 dic
1204 2073 1231 2120 7
1273 2074 1590 2135 Septembris;

251 2171 375 2215 quae
441 2153 740 2199 conditiones
805 2152 898 2197 vid.
953 2152 1081 2214 apud
1142 2155 1435 2207 Pontanum‚
1490 2156 1594 2201 Lib.

252 2236 361 2282 XII.
398 2252 504 2297 pag·
549 2233 658 2280 832.

318 2315 439 2361 Inde
493 2313 693 2364 Caesar,
746 2314 944 2375 accepta
997 2313 1206 2374 dataque
1276 2316 1398 2361 Duci
1466 2314 1590 2365 fide,

252 2398 492 2443 Ducatum
530 2395 575 2439 ei
614 2409 750 2438 suum
784 2394 1008 2439 restituit.
1078 2395 1280 2441 Remisit
1314 2403 1588 2455 praeterea.

255 2476 387 2538 quod
442 2476 535 2538 ipsi
594 2474 945 2537 praestitissent
1011 2483 1357 2519 sacramentum
1411 2475 1589 2519 subditi

255 2558 387 2617 ejuS,
434 2564 622 2602 servata
683 2570 892 2614 semper,
966 2571 1107 2613 quam
1171 2555 1440 2606 debebant,
1493 2557 1590 2609 Imri,

254 2641 389 2700 perio
452 2638 721 2683 reverentia
797 2643 940 2695 atque
1006 2635 1248 2696 obsequis.»
1333 2636 1591 2683 Reddiium
