1811 3358
867 278 955 328 107

244 413 333 457 roli
372 410 608 463 Amineis,
660 411 824 473 (abavi
872 411 1027 456 Caroli
1070 410 1162 471 V),
1216 413 1300 470 qui
1343 413 1385 457 ci
1421 428 1567 473 pecu-

240 495 361 537 niam
405 509 600 552 quoque
640 492 772 537 dedit
807 498 860 536 ut
912 499 1070 552 posset
1113 492 1391 552 dignitatem
1435 510 1565 537 suam

241 574 378 618 tueri.
446 572 629 616 Deinde
683 572 877 617 Carolus
932 573 1035 617 Dux
1087 587 1193 617 cum
1248 572 1405 615 onmia
1453 573 1566 630 jura

239 651 299 696 ad
342 650 610 695 Arnoldum
663 650 1020 711 Egmondanum
1055 652 1105 695 in
1140 650 1307 696 eodem
1339 651 1573 696 Ducatum

239 729 432 777 Gelriae
497 745 551 774 ac
598 728 884 775 Comitatum
939 731 1234 791 Zutphaniae
1283 731 1574 791 pertinentia

235 823 326 869 per
374 808 574 854 liberam
623 808 771 869 ipsius
813 808 1022 853 Arnoldi
1065 809 1323 854 cessionem
1372 810 1436 872 (1)
1486 810 1574 855 ob-

239 888 488 938 tinuisset,
541 893 597 930 ut
631 885 750 930 haec
800 901 884 931 sua
924 886 1038 946 jura
1072 886 1273 931 firmiori
1323 903 1476 941 nexu,
1525 897 1575 934 et

238 967 428 1012 vinculo
474 965 749 1019 roboraret,
797 966 957 1011 omnia
991 982 1188 1027 quoque
1237 966 1455 1014 Ger-ardo
1489 967 1575 1012 Ju-

236 1045 433 1091 liacensi
499 1047 701 1106 ejusque
769 1047 878 1091 filiis
937 1046 1194 1094 Guilielmo
1250 1056 1298 1093 et
1346 1048 1576 1108 Adolpho

241 1127 561 1185 competentia
603 1125 717 1185 jura
764 1126 824 1171 ab
872 1127 1050 1171 eisdem
1099 1126 1316 1173 Ger-ardo
1366 1135 1414 1172 et
1456 1128 1578 1172 libe-

241 1205 334 1256 ris,
379 1204 509 1263 juste
558 1205 866 1264 legitimeque
914 1205 1111 1264 adjungi
1159 1206 1356 1250 curavit.
1425 1206 1580 1266 Quem

239 1299 436 1343 quoque
479 1292 778 1328 contractum
823 1282 1105 1328 Fredericus
1144 1284 1443 1344 Imperator,
1485 1285 1579 1329 lm-

236 1361 481 1423 peratoria
541 1362 826 1407 auctoritate
884 1362 945 1407 ad
1005 1378 1273 1424 expressam
1331 1364 1578 1411 ambarum

239 1443 449 1504 partium
497 1442 895 1503 supplicationem
961 1442 1246 1503 approbavit
1305 1451 1352 1487 et
1405 1445 1581 1489 confir-

241 1521 415 1577 mavit3
452 1528 597 1580 atque
642 1520 863 1565 Carolum
931 1520 1238 1581 Burgundiae
1290 1521 1471 1567 Ducem
1519 1524 1580 1569 de

243 1601 430 1645 Ducatu
472 1600 664 1646 Gelriae
705 1617 759 1644 ae
804 1600 1041 1644 Comitatu
1078 1601 1378 1661 Zutphaniae
1420 1604 1576 1665 ipsum

245 1680 445 1725 heredes
489 1688 538 1725 et
570 1695 862 1724 successores
910 1678 1177 1724 infeudavit
1224 1689 1272 1725 et
1318 1682 1578 1727 investivit,

242 1759 467 1803 Ceterum
516 1760 647 1802 Duce
692 1758 859 1802 Carolo
899 1766 1090 1803 mortuo
1142 1759 1427 1806 Fredcricus
1476 1763 1581 1808 Itu-⁵

242 1847 439 1899 perator
470 1838 836 1882 Maximilianum
883 1836 1036 1881 filium
1071 1845 1120 1883 et
1163 1838 1362 1884 Mariam
1404 1838 1579 1891 filiam,

242 1918 393 1977 ipsius
429 1917 614 1968 Caroli,
642 1916 959 1960 Maximiliano
995 1917 1300 1963 matrimonio
1335 1918 1579 1977 junctam,

245 1997 433 2041 Ducatu
461 1994 653 2042 Geli-iae
690 2003 738 2039 ct
769 1994 1006 2040 comitatu
1039 1997 1339 2057 Zutphaniae
1383 2000 1576 2046 invest'ffi

245 2076 314 2120 vit
361 2091 484 2120 anno
542 2073 692 2126 1478,
743 2090 797 2120 ac
845 2073 1036 2119 demum
1079 2076 1423 2124 Maximilianus
1475 2081 1578 2140 jam

246 2156 567 2201 Romanorum
614 2156 740 2205 Rex,
776 2162 885 2215 post
920 2154 1105 2200 obitum
1141 2156 1339 2210 Mariae,
1385 2159 1573 2206 Ducatu

247 2233 439 2281 Gelriae
463 2243 510 2279 et
540 2235 777 2280 Comitatu
809 2234 1127 2296 Zutphaniae‚
1163 2237 1433 2299 principem
1467 2242 1581 2287 Phi-

245 2314 431 2375 lippum
466 2314 684 2360 Castiliae
721 2331 905 2376 regem,
956 2315 1059 2375 ejus
1093 2316 1246 2362 filium
1280 2327 1425 2380 atque
1460 2323 1576 2381 logia

248 2392 384 2437 timos
421 2393 646 2445 heredes,
699 2394 1036 2439 investituram
1070 2398 1301 2456 promisit.
1354 2401 1459 2458 Quo
1502 2419 1576 2446 rea

319 2577 387 2626 (ι)
417 2578 467 2614 Ut
493 2587 637 2616 constat
662 2594 707 2617 cx
737 2581 892 2629 publico
927 2582 970 2618 dc
1002 2596 1041 2617 ea
1074 2596 1134 2626 rc,
1179 2596 1275 2619 :nmo
1314 2586 1429 2632 1472,
1468 2573 1573 2623 con-n

270 2641 366 2676 secto
400 2642 662 2682 instrumenw.
