1811 3358
840 222 899 264 55

208 354 421 410 lin'icnsi3
458 361 506 398 ct
536 349 758 400 Reinaldi
804 356 853 394 et
904 345 1115 393 Eduardi
1171 361 1224 390 ac
1285 343 1432 388 Maria
1482 361 1538 388 ex

207 449 353 477 uxore
389 430 597 483 secunda
641 429 877 474 Eleonora
912 426 1130 487 Angliae)
1178 423 1383 468 Ducatui
1425 420 1538 468 Gel-

209 512 305 556 riae
341 527 394 556 ac
428 508 684 555 Comitatui
705 505 1003 568 Zutphaniac
1038 505 1220 550 Ducem
1249 502 1408 562 potius
1429 516 1542 545 con·-

209 588 493 635 stituendam
530 602 771 632 censuere.
838 586 900 630 Hi
927 585 1070 629 etiam
1104 590 1159 626 ut
1208 580 1377 625 fortior
1426 579 1539 623 red-

210 670 406 713 deretur
458 668 502 711 ei
557 672 925 729 persuaserunt,
993 670 1048 706 ut
1108 661 1272 707 tertias
1345 657 1536 718 nuptias

210 747 354 792 iniret
417 759 525 789 cum
571 743 786 789 Johanne
835 741 1146 788 Castellioneo
1209 738 1379 784 Comiti
1430 736 1539 780 Ble-

209 826 344 871 sensi.

273 903 367 950 Sed
406 904 523 949 haec
557 902 671 947 dum
700 902 771 947 illi
811 916 968 946 secum
1003 905 1219 944 statuunt
1252 895 1534 957 disponunt-

212 997 335 1044 que,
383 982 577 1028 advenit
623 982 979 1041 Aquisgranum
1032 980 1315 1038 Imperator.
1389 977 1449 1021 Et
1484 975 1542 1019 li-

221 1070 296 1107 cet
339 1062 496 1107 animo
535 1062 586 1107 in
627 1061 942 1107 Juliacensem
993 1065 1224 1104 commoto
1267 1056 1541 1109 aceederct;

211 1157 355 1201 quem
387 1148 434 1185 et
468 1140 790 1201 proscribere,
819 1156 873 1184 ac
906 1147 1007 1183 tota
1037 1139 1087 1182 in
1118 1139 1273 1198 ipsum
1307 1136 1544 1181 concitata

213 1220 492 1270 Germania,
537 1219 686 1262 veluti
728 1219 779 1262 in
816 1217 1043 1278 praedam
1089 1216 1203 1260 dare
1247 1216 1308 1259 ob
1353 1222 1544 1274 captum

214 1301 263 1349 in
306 1299 433 1344 bello
481 1297 802 1348 Brabantino,
847 1296 906 1342 de
955 1311 1052 1357 quo
1089 1295 1271 1340 dictum
1310 1295 1545 1342 Wences-

210 1380 338 1424 laum
385 1377 605 1428 fratrem,
649 1393 807 1422 secum
851 1377 1191 1427 constituerat,
1225 1391 1338 1420 usus
1383 1382 1543 1419 tamen

217 1456 412 1502 consilio
456 1455 824 1517 Archiepiscopi
873 1455 1164 1501 Coloniensis
1211 1471 1265 1499 ac
1312 1453 1546 1498 Leodien-

213 1538 273 1581 sis
337 1545 385 1581 et
436 1537 662 1588 aliorum,
712 1535 1068 1595 Aquisgranum
1118 1534 1179 1580 ad
1241 1550 1288 1578 se
1352 1532 1543 1578 evocari

213 1615 530 1659 Juliacensem
565 1612 776 1662 curavit,
811 1613 961 1656 missis
995 1614 1054 1657 ad
1085 1629 1193 1657 eum
1228 1612 1429 1656 Alberto
1458 1611 1545 1656 Ot-

217 1702 429 1752 toneque
475 1692 688 1737 Ducibus
707 1712 717 1749 3
750 1709 839 1738 nee
872 1708 1024 1744 mora,
1075 1693 1270 1738 accessit
1304 1691 1546 1736 Juliacen-

217 1772 301 1822 sis,
351 1770 556 1815 adducto
593 1785 751 1814 secum
786 1787 839 1815 ac
872 1771 1087 1817 libertati
1123 1772 1344 1816 restituto
1390 1769 1546 1816 Wen-

217 1850 383 1895 ceslao.
435 1849 559 1893 Hinc
594 1850 830 1911 extemplo
860 1866 951 1911 pax
985 1850 1153 1895 eodem
1187 1851 1269 1894 illo
1306 1854 1544 1894 conventu

216 1929 446 1980 formata,
506 1929 633 1991 inter
685 1929 865 1974 Ducem
907 1929 1246 1976 Wenceslaum
1292 1945 1346 1973 ac
1397 1927 1554 1973 Julia-'

219 2024 433 2061 oensem,
483 2007 756 2067 captivique
820 2024 981 2053 omncs
1022 2009 1107 2068 qui
1144 2025 1250 2053 cum
1285 2007 1549 2052 detinenti<

217 2089 306 2132 bus
360 2087 571 2132 nondum
630 2088 913 2147 pepigerant
972 2088 1072 2132 sinc
1131 2088 1288 2149 pretio
1354 2087 1546 2131 dimissi.

218 2169 337 2212 Tum
379 2168 522 2212 etiam
561 2167 689 2210 inter
733 2166 983 2211 Caesarem
1029 2184 1083 2212 ac
1126 2169 1443 2213 Juliacensem
1489 2168 1548 2212 de

219 2245 511 2290 successione
553 2245 602 2291 in
639 2243 829 2291 Gelriae
865 2246 1129 2299 Ducatum,
1173 2248 1241 2292 ita
1275 2256 1450 2300 actum,
1492 2256 1548 2292 ut

217 2325 386 2369 literae
435 2340 579 2385 quam
617 2325 824 2387 primum
871 2325 1079 2371 Caesaris
1127 2328 1373 2387 evulgatae
1425 2328 1546 2378 sint,

220 2404 394 2464 quibus
436 2405 515 2450 ille
563 2406 772 2467 regimen
807 2404 999 2452 Gelriae
1033 2407 1243 2452 moribus
1278 2414 1548 2467 competere

223 2485 438 2543 ignarus,
499 2485 643 2529 Ducis
686 2485 992 2538 Juliacensis,
1055 2485 1299 2532 Guiliclmi
1350 2486 1547 2530 senioris

222 2563 400 2614 filium,
450 2562 757 2610 Guilielmuin
810 2581 975 2612 verum
1024 2581 1075 2610 ac
1123 2566 1390 2626 proximum
1443 2581 1546 2610 suc-
