1811 3358
859 244 916 288 19

234 371 374 430 hujus
413 372 523 416 anni
554 379 793 417 accusatus
841 381 910 418 est
955 373 1014 418 ab
1048 373 1314 418 Hermanno
1358 372 1415 417 de
1450 372 1534 418 Ca-

231 451 390 510 valage
424 450 554 510 quod
595 453 833 497 struxisset
867 452 1055 498 insidias
1097 452 1319 497 adversus
1376 453 1532 513 Impe-

234 537 437 574 ratorem
468 527 769 581 Lotharium‚
807 537 855 575 et
881 538 1000 575 esset
1038 532 1210 576 amicus
1260 530 1380 591 regis
1411 532 1535 576 elec-

225 609 260 653 ti
288 609 397 653 Itali
431 607 632 653 Conradi
657 609 762 666 III3
795 616 843 654 et
864 611 1085 657 auxilium
1109 610 1404 671 praebuisset
1437 609 1530 654 Ar-

224 687 520 747 chiepiscopo
554 687 846 740 Coloniensi,
889 689 974 748 qui
1020 705 1107 749 per
1162 688 1405 734 biemiium
1432 688 1532 749 jam

221 780 270 809 se
318 774 603 826 opposuerat
639 767 923 827 Imperatori
958 767 1193 812 Lothario.

283 844 439 890 Mense
483 845 737 890 Februario
771 847 884 891 anni
918 848 1156 907 sequentis
1184 849 1428 910 profectus
1459 853 1528 892 est

217 922 477 976 Coloniam,
513 933 566 969 ut
600 941 702 971 eam
735 927 832 972 sine
868 928 1218 973 conditionibus
1256 926 1344 971 sibi
1377 926 1524 985 subji-

217 1009 345 1046 ceret
375 1002 424 1046 in
450 1001 658 1048 favorem
683 1004 908 1050 Lotharii.
940 1007 1096 1052 Mense
1125 1006 1282 1052 Martii
1313 1005 1523 1065 ejusdem

216 1082 325 1126 anni
347 1082 446 1140 jam
496 1081 625 1124 venit
658 1081 708 1125 in
753 1083 1004 1127 amicitiam
1045 1083 1378 1144 Imperatoris3
1413 1098 1522 1127 nam

214 1159 290 1204 die
321 1159 352 1206 8
383 1159 539 1204 Martii
582 1161 691 1204 anni
729 1160 852 1205 1129
885 1162 1039 1206 adfuit
1073 1163 1324 1207 Comitatui
1366 1162 1523 1220 Impe-

214 1238 383 1282 ratoris
413 1236 686 1297 Duisburgi,
719 1245 767 1282 et
803 1245 915 1282 tunc
947 1241 1367 1300 cognominabatur
1401 1241 1523 1287 Lon-

212 1333 294 1377 gus
326 1317 406 1377 (1)

273 1396 516 1454 Regnante
563 1409 645 1445 e0,
694 1410 767 1439 res
817 1395 989 1441 accidit
1041 1397 1329 1457 gravissima,
1369 1415 1517 1460 quum

210 1474 334 1519 enim
350 1489 437 1534 per
469 1473 821 1518 matrimonium
840 1491 886 1520 se
918 1476 1235 1535 conjunxisset
1262 1494 1366 1522 cum
1383 1479 1520 1524 Erm-

207 1553 350 1613 garda
379 1552 476 1596 sola
509 1552 756 1596 comitatus
802 1555 1093 1614 Zutphaniae
1139 1555 1371 1609 haerede,
1404 1573 1517 1601 con-

200 1631 395 1690 junctus
431 1637 501 1674 est
545 1630 612 1674 ita
654 1629 908 1675 Comitatus
956 1632 1246 1692 Zutphaniac
1291 1650 1396 1679 cum
1430 1635 1516 1679 Co-

203 1711 370 1755 mitatu
412 1707 603 1755 Geli-iae
648 1717 695 1753 et
731 1709 856 1755 filius
884 1726 1046 1755 eorum
1075 1712 1308 1757 Henricus
1335 1713 1515 1773 primus

202 1788 293 1833 fuit
339 1786 528 1834 Gelriae
576 1795 623 1830 et
666 1788 957 1848 Zutphaniae
1003 1791 1177 1835 Comes.

263 1869 488 1915 Nonnulli
540 1876 667 1913 recte
718 1878 889 1929 putant
938 1869 1228 1916 Gerhartum
1279 1870 1331 1914 II
1385 1885 1510 1914 mor-

200 1957 334 1993 tuum
363 1964 462 1994 esse
492 1963 614 1993 anno
648 1947 785 1999 1131,
827 1957 874 1993 et
922 1949 1111 1994 viduam
1155 1949 1257 2008 ejus
1292 1949 1509 2009 Ermgar-

199 2029 305 2074 dam
336 2043 511 2072 novum
541 2028 894 2073 matrimonium
938 2028 1096 2074 iniisse
1142 2043 1247 2073 cum
1293 2027 1507 2072 Conrado

198 2107 375 2152 Comite
409 2105 788 2165 Lutseburgensi.

260 2186 363 2229 Hoc
409 2192 621 2244 tempore
650 2185 903 2229 nonnullae
940 2184 1199 2229 discordiae
1236 2190 1368 2227 ortae
1395 2191 1503 2228 sunt

196 2267 319 2310 inter
366 2264 655 2309 Florentium
704 2263 930 2309 Comitem
984 2263 1262 2308 Hollandiae
1312 2270 1359 2307 et
1404 2264 1500 2308 Do-

194 2346 344 2390 minos
375 2343 526 2389 Cucae
562 2342 620 2387 de
650 2343 887 2387 nonnullis
913 2342 1048 2388 bonis
1082 2341 1375 2388 allodialibus
1400 2342 1501 2386 sitis

257 2519 322 2561 (1)
349 2515 594 2552 Tesschcnm.
616 2515 709 2551 Cod.
744 2514 847 2564 Dipl.
871 2514 943 2554 No·
973 2518 1017 2551 5:
1055 2522 1089 2550 et
1111 2513 1162 2550 ibi
1183 2512 1316 2550 dicitur
1344 2514 1478 2551 Comes

206 2580 353 2618 Gclriae
387 2581 595 2619 Gcrhartus
628 2582 794 2628 Longus.
