1811 3358
870 217 929 264 37

237 345 419 405 eipatus
450 344 552 402 ejus
595 345 937 404 computandus
964 356 1034 393 est
1064 349 1125 394 ab
1156 366 1287 398 anno¹
1314 354 1437 405 1320
1459 376 1559 420 quo

234 430 370 487 pater
400 422 530 468 venit
562 422 921 482 Montfortium3
955 442 1051 473 non
1069 436 1228 475 autem
1259 433 1448 483 titulum
1478 441 1567 487 Co·-
1611 452 1616 459 ’

232 503 360 546 mitis
392 501 531 562 gessit
576 501 684 545 vivo
715 509 878 562 patre,
915 504 996 549 sed
1044 522 1091 552 se
1138 510 1410 559 nominabat
1451 518 1566 565 Rei-

232 582 424 627 naldum
475 580 626 624 filium
684 597 711 625 a
763 580 953 628 Gelder.
1036 585 1237 633 Uxorem
1286 589 1420 639 duxit
1470 597 1566 644 viri

230 660 428 706 illustris
477 659 707 704 Florentii
758 659 1016 706 Bertholde
1074 663 1406 715 Mechlinensis
1457 672 1561 733 ejus

232 738 382 798 gentis
416 738 666 802 postremis
697 736 867 794 filiam3
905 738 1052 799 idque
1094 740 1309 805 Adolphi
1337 763 1562 808 praeser-

237 817 321 861 tim
364 818 573 866 Marcani
607 817 940 864 Leodiensium
981 822 1206 868 antistitis
1261 827 1561 893 aliorumque

229 896 489 946 amicorum
522 912 576 942 ae
609 913 865 958 procerum
917 915 1055 945 suasu
1091 903 1401 967 consilioque.
1467 911 1554 957 His

225 977 372 1038 igitur
405 975 586 1037 potitus
632 977 813 1037 nuptiis
856 992 946 1038 ope
993 994 1048 1025 ac
1096 980 1328 1030 reditibus
1370 989 1554 1042 uxoris,

230 1058 316 1119 qui
359 1058 571 1116 ingentes
622 1065 786 1109 erant,
832 1057 1077 1105 confestim
1132 1063 1402 1124 quaejam
1448 1076 1557 1113 ante

234 1136 547 1201 oppignorata
577 1133 766 1182 fuerant
808 1137 1026 1189 castella,
1079 1142 1325 1201 vectigalia
1367 1144 1556 1205 aliaque

227 1219 533 1264 comitatuum
568 1231 762 1261 suorum
796 1218 1045 1278 privilegia
1081 1220 1375 1281 praediaque
1416 1239 1556 1284 prae-

223 1296 346 1340 senti
393 1295 622 1355 peeunia,
671 1303 902 1354 quantum
948 1297 997 1340 in
1044 1298 1146 1357 ipso
1197 1307 1300 1344 erat
1346 1301 1552 1349 liberare

223 1376 273 1422 in
307 1373 406 1418 dies
448 1389 503 1418 ao
550 1374 781 1420 redimere
817 1392 959 1421 curae
1001 1376 1179 1422 habuit.
1248 1379 1308 1424 Et
1340 1379 1548 1427 additam

224 1452 402 1498 idcirco
432 1453 481 1497 in
507 1454 797 1513 sponsalibus
833 1455 1034 1515 Sophiae
1066 1457 1384 1503 conditionem
1417 1459 1546 1510 haud

226 1532 539 1579 frustraneam
574 1534 762 1593 reperio
811 1534 1080 1579 roboratam
1131 1538 1291 1597 sigillis
1332 1553 1439 1583 oum
1476 1542 1548 1602 ip-

223 1612 316 1656 sius
363 1612 554 1657 Comitis
600 1619 699 1656 tum
740 1619 789 1656 et
831 1613 1051 1659 ordinum
1103 1614 1293 1663 Gelriae
1336 1633 1433 1678 qua
1472 1636 1550 1666 ca-

222 1691 447 1747 vebatur3
480 1689 578 1734 »Ne
607 1686 796 1734 Gelriae
839 1690 1106 1741 haereditas
1137 1694 1197 1740 ad
1230 1696 1346 1741 alios
1379 1696 1545 1744 devol-

223 1777 451 1814 »veretur
497 1782 641 1827 quam
674 1766 735 1811 ad
768 1776 902 1814 natos
949 1786 1003 1819 ex
1047 1772 1135 1817 hac
1172 1774 1400 1834 Sophia;”
1451 1778 1543 1825 hoe

213 1848 313 1909 jam
354 1847 530 1892 factum
576 1856 646 1892 est
674 1863 832 1895 mense
878 1850 1166 1911 Septembris
1211 1855 1322 1903 anni
1357 1854 1492 1903 1319.

281 1926 430 1971 Multa
460 1926 693 1972 beneficia
726 1927 858 1973 dedit
891 1929 1005 1975 locis
1038 1933 1389 1993 campestribus.
1455 1936 1547 1982 Cu-

221 2022 319 2056 ram
345 2022 568 2067 aggerum
600 2007 843 2053 mandavit
874 2010 1015 2055 certis
1046 2010 1339 2067 hominibus,
1374 2015 1546 2062 multa-

218 2103 312 2147 que
349 2095 522 2131 statuta
574 2101 717 2145 super
752 2089 1000 2146 aggeribus
1034 2089 1167 2135 dedit
1201 2092 1280 2152 (1).

244 2206 247 2209 ,
278 2164 420 2209 Anno
458 2163 605 2214 1322,
637 2163 844 2224 diploma
872 2164 985 2211 fecit
1017 2183 1113 2227 quo
1149 2185 1197 2219 se
1226 2168 1416 2218 Gelriae
1455 2174 1542 2219 Co-

213 2245 337 2306 mitis
375 2244 526 2287 filium
559 2241 742 2294 serem,
787 2247 1114 2304 praesentibus
1150 2257 1294 2309 atque
1330 2268 1544 2298 annuen-

213 2325 337 2376 tibus
371 2324 643 2367 consiliariis
678 2324 771 2367 suis
801 2324 991 2369 Valerio
1035 2317 1234 2373 Domino
1268 2330 1532 2392 Keppelae,

212 2403 410 2452 Domino
445 2403 622 2449 Jacoho
659 2420 685 2448 a
717 2403 896 2451 Mirlair
928 2413 974 2450 et
1010 2405 1185 2456 Ottone
1212 2408 1272 2453 ad
1313 2410 1452 2457 Haelt
1486 2412 1535 2463 in

286 2575 347 2618 (¹)
385 2575 474 2615 vid.
501 2573 614 2612 Goldr
640 2575 740 2615 Pluc.
765 2576 868 2613 Book
892 2577 993 2627 ΑΡΡ.
1026 2577 1107 2617 col.
1134 2593 1201 2625 90,
1233 2581 1274 2625 ²1,
1307 2585 1372 2629 95,
1406 2598 1461 2629 70„
