1811 3358
791 278 876 325 127

231 474 313 520 IV.
350 473 616 533 Inscudatz'o
683 471 1014 517 Mamnnlt'am‘
1069 478 1111 517 ct
1167 470 1358 516 Martae
1405 488 1511 517 suae

347 550 570 613 Covy'ugz's
605 553 748 612 (anni
789 549 953 612 1478.)

246 725 337 770 Nos
370 723 649 769 Fredericus
683 725 854 770 Divina
886 724 1074 769 favente
1109 722 1383 775 clementia,
1416 721 1512 767 Ro-

183 819 429 850 manorum
462 805 729 865 Imperator
779 820 964 864 semper
1007 803 1278 863 Augustus,
1314 809 1445 846 caet:

247 884 579 943 Cognoscimus
616 900 670 928 ac
713 892 881 929 notum
929 883 1124 928 facimus
1168 899 1256 943 per
1291 898 1514 943 praesen-

182 971 250 1008 tes
284 963 519 1008 universis
553 972 602 1009 et
637 964 859 1025 singulis,
894 963 1025 1024 quod
1060 979 1115 1007 ex
1150 963 1300 1023 gratia
1335 964 1383 1006 in
1411 962 1511 1007 feu-

183 1042 295 1091 dum
341 1043 556 1088 dedimus
590 1043 903 1089 Maximiliano
952 1041 1217 1087 Archiduci
1258 1042 1512 1093 Austriae,

180 1130 297 1167 caet.
350 1123 567 1167 similiter
614 1122 790 1167 Mariae
855 1121 1068 1166 ducissae
1119 1122 1327 1166 naturali
1384 1122 1514 1166 Bur-

183 1202 413 1262 gundiae,
444 1202 571 1247 filiae
613 1210 804 1246 nostrae
858 1203 1148 1253 carissimae,
1198 1203 1334 1246 uxori
1372 1218 1512 1253 suae,

185 1282 445 1341 liberisque
501 1297 667 1325 eorum
714 1281 935 1340 legitimis
987 1297 1042 1325 ex
1084 1282 1151 1325 eis
1185 1282 1336 1332 natis,
1371 1281 1514 1325 duca-

181 1369 282 1405 tum
312 1358 502 1406 Gelriae
522 1395 531 1409 ‚
566 1375 661 1403 una
688 1374 794 1403 cum
826 1360 1053 1404 comitatu
1089 1361 1385 1421 Zutphaniae
1417 1377 1514 1405 om-

181 1440 417 1499 nibusque
463 1437 684 1497 juribus3
737 1453 1055 1498 quaecunque
1098 1439 1340 1497 quondam
1370 1440 1515 1485 Caro-

184 1521 258 1564 lus
314 1520 419 1565 Dux
469 1517 774 1578 Burgundiae
819 1516 970 1562 felicis
1033 1519 1317 1570 memoriae,
1370 1519 1518 1565 frater

184 1606 347 1644 noster
379 1606 427 1642 et
465 1598 691 1658 princeps
732 1597 999 1641 carissimus
1044 1597 1213 1642 habuit
1264 1615 1319 1643 ac
1360 1598 1516 1646 tenuit

183 1678 235 1722 in
281 1677 477 1722 feudum
507 1693 534 1721 a
563 1675 700 1720 nobis
722 1682 770 1719 et
801 1691 933 1720 sacro
964 1675 1201 1736 Imperio,
1237 1693 1292 1721 ac
1318 1677 1377 1722 de
1412 1679 1516 1738 ple-

184 1757 402 1801 nitudine
434 1756 683 1816 potestatis
702 1755 995 1814 Imperialis,
1025 1765 1074 1801 et
1108 1773 1163 1801 ex
1198 1764 1329 1802 certa
1362 1758 1515 1803 scien-

185 1837 278 1887 tia,
319 1836 499 1880 virtute
534 1835 885 1894 praesentium,
924 1835 1038 1895 ipsis
1089 1835 1139 1879 in
1187 1835 1382 1881 feudum
1431 1838 1516 1884 da-

189 1930 293 1960 mus
325 1922 374 1959 et
405 1915 632 1975 largimur
685 1914 919 1974 quicquid
977 1914 1036 1959 de
1080 1915 1194 1975 jure
1240 1918 1318 1961 vel
1367 1920 1517 1979 gratia

185 1996 298 2056 ipsis
334 1995 596 2040 concedere
635 2010 893 2055 possumus.
962 1995 1025 2041 Ut
1065 1997 1263 2056 posthac
1311 2013 1338 2041 a
1380 1998 1517 2044 nobis

184 2076 236 2120 in
295 2074 490 2119 seudum
534 2081 754 2125 teneant,
813 2074 1047 2128 habeant,
1098 2077 1395 2136 possideant,
1461 2095 1518 2124 ac

187 2154 437 2204 truantur,
473 2161 619 2215 prout
658 2152 716 2197 de
754 2153 896 2212 jure,
938 2170 1027 2198 usu
1075 2163 1124 2199 et
1172 2157 1515 2203 consuetudine

186 2233 400 2292 ejusdem
451 2232 609 2284 feudi,
668 2233 767 2277 sine
812 2233 1151 2293 impedimento
1198 2238 1385 2298 aliquo,
1432 2248 1516 2286 aut

187 2311 563 2356 contradictione
599 2312 903 2371 cujusquam3
939 2328 1082 2373 super
1130 2331 1227 2375 quo
1271 2318 1515 2377 praefatus

185 2399 347 2435 noster
381 2390 507 2435 filius
552 2399 600 2436 et
631 2392 857 2451 princeps
884 2393 1150 2439 carissimus
1169 2430 1178 2447 ‚
1220 2412 1308 2457 pro
1338 2414 1384 2442 se
1408 2398 1512 2458 ipso

194 2477 242 2512 ct
285 2470 474 2514 nomine
528 2470 684 2515 dictae
728 2486 838 2514 suae
888 2471 1100 2533 conjugis
1156 2475 1420 2528 tenebitur,
1457 2477 1516 2524 ad

188 2564 305 2607 opus
356 2556 592 2600 nostrum,
637 2556 879 2608 praestare
921 2560 1260 2597 sacrmncntum
1311 2553 1513 2601 fidelita-

192 2629 269 2678 tis,
307 2627 591 2688 solitumque
628 2628 921 2685 homagium,
955 2629 1126 2675 abhinc
1175 2649 1200 2677 a
1236 2634 1342 2680 data
1378 2652 1516 2696 prae-
