1811 3358
877 241 929 284 21

257 367 342 418 lia,
392 374 440 411 et
483 367 796 426 Imperatores
838 383 932 411 non
986 368 1125 412 fuisse
1182 369 1282 425 ejus
1323 368 1562 427 d01ninos3

250 445 555 507 quamobrem
633 446 898 505 antiquiore
963 453 1175 507 tempore
1253 448 1561 496 nominaban-

247 532 326 569 tur
361 522 586 569 haeredes
617 523 812 583 legitimi
847 523 1025 585 Oppidi
1062 524 1436 585 Zutphaniensis.
1478 529 1564 573 Al-

247 611 348 649 tera
384 601 599 663 quaestio
642 610 713 646 est
751 618 897 662 quare
949 604 1353 649 administratores
1400 614 1560 666 poste-

246 683 396 727 riores
430 680 722 741 zutphaniae
753 680 1026 726 dicerentur
1052 682 1287 728 Comites?
1321 700 1430 729 nam
1466 685 1564 732 Go-

243 759 467 805 deschalk
500 758 748 804 dicebatur
781 759 1034 812 Dominus,
1066 769 1115 806 et
1147 761 1273 806 filius
1308 763 1410 823 ejus
1442 764 1555 810 Otto

241 846 290 884 et
352 852 498 898 nepos
558 838 660 896 ejus
717 837 952 883 Henricus
1001 839 1281 886 dicebantur
1343 843 1559 890 Comites.

243 917 346 962 Hoc
380 917 447 962 ita
477 924 635 978 potest
677 917 929 977 explicari:
983 917 1283 965 Godeschalk
1333 930 1384 966 et
1444 939 1560 968 uxor

243 995 346 1056 ejus
389 995 656 1041 Adelheida
689 995 972 1040 dicebantur
1014 997 1202 1042 Domini
1248 998 1560 1047 haereditarii

240 1074 478 1135 (Erfheer
529 1090 590 1119 en
638 1074 944 1135 Erfvrouw).
1010 1074 1310 1123 Godeschalk
1353 1079 1560 1126 habebat

239 1153 586 1198 Comitatumin
605 1151 930 1213 westphalia,
954 1162 1002 1198 et
1034 1155 1298 1215 Zutphania
1332 1167 1435 1204 crat
1470 1160 1557 1204 bo-

235 1248 349 1277 num
407 1231 747 1277 hereditarium
797 1232 1123 1279 Adelheidae:
1188 1236 1556 1283 nominabantur

237 1311 297 1356 ab
329 1309 448 1355 urbe
485 1312 738 1372 principali
773 1311 857 1356 ubi
891 1312 1181 1357 domicilium
1210 1314 1448 1361 habebant
1489 1320 1556 1377 (ct

236 1398 340 1436 erat
369 1390 486 1435 haec
530 1390 853 1450 Zutphania),
887 1399 934 1435 et
978 1391 1186 1437 Henrico
1243 1394 1341 1438 sine
1391 1395 1554 1441 liberis

236 1475 425 1514 mortuo
459 1467 714 1513 Comitatus
746 1476 795 1512 et
841 1467 982 1513 feuda
1029 1469 1356 1530 Westphaliae
1399 1475 1554 1520 redie-

236 1555 351 1592 runt
395 1546 457 1592 ad
511 1546 785 1606 imperium,
831 1561 939 1590 nam
985 1563 1275 1593 successores
1316 1550 1552 1601 bonorum

234 1626 485 1672 feudorum
519 1626 604 1669 soli
638 1632 747 1669 sunt
781 1624 868 1668 filii
903 1632 951 1668 et
986 1624 1154 1670 fratres
1199 1628 1260 1688 (l)
1280 1647 1291 1684 ;
1327 1637 1375 1674 et
1408 1630 1547 1676 Erm-

235 1705 378 1766 garda
432 1705 577 1749 solam
641 1704 840 1749 retinuit
895 1705 1230 1764 Zutphaniam3
1283 1715 1331 1752 et
1386 1709 1552 1756 viden-

231 1792 312 1828 tur
365 1782 564 1829 Comites
610 1781 799 1828 Gelriae
853 1783 1101 1829 retinuisse
1137 1801 1309 1831 nomen
1358 1786 1550 1835 Comitis

232 1862 525 1923 Zutphaniae
545 1896 555 1913 ‚
615 1861 730 1920 quia
790 1868 898 1905 ante
949 1860 1253 1922 Ermgardam
1301 1863 1549 1914 dicebatur

230 1942 486 1987 Comitatus
526 1938 833 1999 zutphaniae.
899 1938 1028 1984 Haec
1076 1940 1308 1988 sufficiant
1346 1944 1405 1989 de
1434 1962 1547 1992 con-

223 2021 474 2082 junctione
536 2018 830 2078 zutphaniae
886 2033 991 2062 cum
1036 2016 1226 2066 Gelriae
1282 2021 1543 2084 Comitatu5

229 2117 356 2146 nunc
386 2108 677 2146 revertamus
711 2098 770 2142 ad
805 2114 1000 2158 regnum
1028 2099 1250 2153 Henrici,
1283 2103 1368 2161 qui
1404 2105 1545 2166 vulgo

235 2188 419 2225 tantum
453 2186 651 2224 vocatur
699 2177 861 2222 Comes
910 2177 969 2222 de
1015 2176 1220 2237 Gelder;
1271 2183 1548 2230 verosimili-

231 2267 304 2305 ter
343 2267 480 2304 natus
515 2266 586 2303 est
624 2272 746 2302 anno
795 2255 929 2302 1120.

290 2338 601 2399 Episcopatus
657 2335 969 2395 Trajectensis
1025 2342 1198 2381 vacuus
1261 2346 1364 2383 erat
1421 2357 1544 2386 anno

231 2415 355 2467 1150
401 2431 497 2477 quo
540 2422 753 2461 mortuus
796 2422 898 2462 erat
944 2414 1201 2482 Episcopus
1246 2416 1538 2478 Hegibertus.

300 2587 365 2631 (i)
394 2585 482 2625 Viti,
517 2586 735 2624 selu-assem
762 2584 902 2633 Munip.
929 2585 1000 2623 Sic.
1034 2584 1143 2622 Feud.
1172 2585 1265 2633 Cap.
1289 2587 1398 2627 V111.
