1811 3358
900 251 957 296 (51

335 378 477 422 Initio
529 380 639 424 anni
685 381 926 439 sequentis
969 382 1055 440 qui
1106 380 1196 425 suit
1240 381 1362 431 1380
1404 393 1588 434 mortua

271 464 340 502 est
377 456 645 503 Mechtilda.
1423 448 1425 450 .

334 539 474 583 Anno
514 537 663 589 1383,
701 536 971 597 redigendis
1005 538 1055 581 in
1091 553 1262 599 eorpus
1303 555 1451 586 unum
1482 543 1595 591 Gel-

274 619 371 663 riac
406 619 644 664 distractis
696 618 912 678 partibus
947 618 1051 662 Dux
1099 618 1386 664 Gulielmum
1424 637 1593 681 proce-

270 713 440 757 resque
476 714 634 744 omnes
673 706 919 742 moverant
963 698 1192 759 lapidem,
1225 704 1593 749 monstrantibus

267 776 358 820 hoc
389 777 541 837 ipsum
575 792 769 836 quoque
814 776 1122 836 Imperatoris
1167 776 1441 826 Wenceslai
1483 782 1593 828 bre-

268 856 406 900 vibus
475 856 732 907 codicillis,
785 855 988 915 quihus,
1046 852 1353 902 Guilielmum
1416 861 1595 907 Ducem

269 935 544 996 principatu
590 934 780 982 Gelriae
816 943 865 980 et
911 935 1147 980 Comitatu
1192 937 1486 998 Zutphaniae
1518 942 1594 985 in-

272 1018 415 1061 vestit
459 1024 709 1075 ornatque.
776 1017 886 1076 Ipse
938 1023 1096 1060 autem
1140 1016 1245 1060 Dux
1292 1016 1591 1071 Guilielmus‚

271 1095 384 1139 dum
429 1112 484 1139 ea
535 1094 683 1139 domi>
715 1102 1038 1155 peraguntur,
1090 1095 1243 1140 varias
1294 1097 1502 1142 instituit
1544 1099 1594 1142 in

270 1191 374 1219 oras
424 1182 605 1218 exteras
652 1173 1072 1233 peregrinationes.
1138 1175 1254 1220 Nam
1285 1175 1477 1234 juvenis
1510 1178 1593 1223 ad-

265 1251 362 1296 hue
415 1268 469 1296 ac
514 1267 675 1296 rerum
730 1252 976 1312 praeclare
1028 1252 1343 1312 gerendarum
1398 1255 1592 1308 avidus,

270 1338 373 1375 tum
402 1338 458 1375 ut
502 1331 706 1391 patriam
755 1332 1033 1376 militarium
1082 1333 1327 1379 hominum
1378 1336 1596 1380 multitu-

270 1411 381 1455 dine
417 1427 471 1456 ae
505 1427 649 1457 onere
691 1412 941 1466 liberaret,
979 1421 1261 1474 spontaneas
1290 1414 1510 1467 militias,
1545 1422 1595 1459 et

268 1491 476 1551 primum
541 1491 752 1535 omnium
832 1491 883 1535 in
911 1481 917 1488 ⁴
948 1492 1192 1536 Livoniam
1267 1493 1592 1552 Borussosque

265 1572 510 1632 profectus
569 1572 788 1630 suscepit.
854 1572 945 1616 Hic
993 1572 1216 1617 adversus
1264 1588 1343 1617 eos
1389 1574 1593 1634 populos

266 1650 353 1710 qui
404 1666 542 1710 aegre
590 1649 844 1695 admodum
894 1650 954 1695 ad
987 1651 1129 1696 fidem
1164 1652 1477 1697 Christianam
1508 1653 1590 1696 ad-

268 1729 380 1773 duci
413 1737 661 1789 poterant,
698 1731 778 1790 pia
813 1747 942 1775 arma
978 1746 1084 1776 cum
1116 1731 1295 1776 ordinis
1340 1732 1590 1777 Teutonici

268 1807 493 1852 fratribus
513 1806 576 1867 (1)
600 1842 609 1858 ‚
644 1824 850 1867 quorum
868 1809 917 1853 id
934 1825 1103 1853 munus
1140 1818 1260 1861 erat,
1293 1810 1582 1862 induit,nee

264 1887 354 1931 nisi
388 1895 526 1947 parta
553 1887 723 1948 insigni
752 1888 955 1932 nominis
983 1888 1262 1934 celebritate
1293 1889 1484 1934 domum
1515 1908 1592 1935 re-

264 1965 363 2010 diit.
432 1966 611 2011 Incidit
661 1966 711 2010 in
755 1981 930 2011 annum
978 1974 1253 2026 sequentem
1314 1968 1588 2017 Wenceslai

335 2143 396 2188 (1)
429 2140 724 2176 Teutonicorum
756 2138 847 2174 ordo
879 2137 1023 2173 initium
1055 2137 1191 2174 habuit
1219 2153 1339 2188 prope
1369 2140 1572 2177 Ptolemai-

283 2207 389 2252 dem,
416 2208 626 2254 imperante
658 2202 821 2239 Hem-ico
851 2204 932 2248 VI,
971 2202 1069 2238 eirca
1102 2216 1243 2238 annum
1270 2204 1410 2241 Christi
1447 2220 1563 2251 11s30,

280 2271 497 2307 auctoribus
529 2269 671 2306 civibus
704 2267 848 2316 aliquot
890 2267 1041 2303 urbium
1078 2270 1256 2305 Bracmae
1300 2277 1337 2306 et
1365 2271 1570 2306 Lubecen-

281 2338 350 2384 sis,
387 2337 451 2386 qui
486 2336 588 2372 haud
622 2334 762 2382 exiguis
813 2332 1026 2382 sumptibus
1070 2333 1320 2370 aedificarunt
1358 2343 1470 2383 atque
1505 2336 1567 2371 in·-

280 2411 495 2441 struxerunt
518 2402 571 2437 ibi
592 2400 883 2437 Xenodochium
905 2400 944 2435 in
967 2414 1075 2436 usum
1106 2413 1236 2435 eorum
1263 2398 1326 2449 qui
1357 2398 1480 2435 ordini
1503 2399 1564 2435 in-

280 2477 505 2506 sererentur.
560 2469 637 2505 Nec
669 2474 813 2502 tantum
834 2466 874 2500 in
908 2466 1062 2503 Oriente
1089 2463 1155 2499 sed
1176 2465 1313 2512 majore
1337 2463 1449 2498 etiam
1478 2476 1563 2499 cum

282 2547 454 2571 successu
482 2534 518 2569 in
565 2531 923 2582 septentrionalibus
946 2533 1120 2577 Europae
1155 2527 1278 2576 plagis
1312 2527 1564 2566 Christianam

285 2601 503 2647 religionem
540 2598 762 2647 propagavit
794 2597 981 2644 armisque
1016 2592 1216 2631 vindicarit
1248 2592 1354 2631 ordo.
