1811 3358
883 264 944 308 54

239 402 511 447 Hermanno
544 396 656 442 Bier
682 384 780 441 vanv
803 394 957 447 Heze‚
994 392 1133 453 cujus
1161 406 1357 438 uxorem
1389 390 1575 452 stupra⁶

241 487 400 531 verat,
426 493 526 524 esse
555 475 762 521 occisum
790 474 869 536 (1).
902 472 1159 519 Catharina
1187 471 1416 517 Bavariae
1437 486 1576 531 spon⁴

242 577 291 605 sa
325 557 561 609 Belum-di,
608 563 776 616 postea
826 553 1153 599 consentiente
1188 547 1443 603 Pontifice,
1480 566 1576 596 ma-

237 639 513 685 trimonium
562 636 671 679 iniit
713 649 820 679 cum
865 631 1123 679 Guilielmo
1167 633 1343 677 sororis
1387 631 1476 675 filii
1527 639 1581 676 et*

234 718 457 767 Reinaldi
505 714 816 774 Eduardiquc
862 729 1148 758 successore.

300 796 614 846 Wenceslaus
649 794 795 855 igitur
825 791 1111 838 Brabantiae
1147 793 1280 844 Dux,
1317 790 1565 839 Guiliehni

238 878 411 925 Juliaci
435 877 600 928 Ducis,
646 882 816 935 totque
864 873 1154 919 bellatorum
1200 873 1357 918 victor
1388 888 1443 918 ac
1486 872 1574 917 tri—

238 959 495 1020 umphator
538 956 713 1001 aDuce
747 963 906 1000 tamen
941 955 1167 1002 Eduardo
1199 955 1400 1016 ejusque
1440 969 1575 999 exer-

242 1038 370 1089 citu,
423 1045 478 1081 ut
510 1042 849 1086 memoratum,
896 1035 1080 1088 subit0,
1126 1044 1175 1081 et
1222 1042 1480 1094 antequam
1526 1049 1575 1078 se

242 1117 467 1177 colligere
497 1121 750 1176 potuerat,
779 1128 1034 1174 oppressus
1069 1130 1124 1159 ac
1150 1113 1329 1166 victus,
1367 1128 1474 1157 cum
1503 1128 1577 1157 es·-

237 1204 309 1241 set
354 1197 406 1240 in
450 1194 777 1255 captivitatem
839 1193 1132 1254 Neomagum
1179 1193 1414 1239 abductus
1465 1199 1572 1237 acta

240 1275 426 1326 omnia,
462 1281 518 1318 ut
549 1272 751 1318 vinculis
792 1287 938 1331 quam
966 1272 1190 1317 citissime
1235 1272 1574 1316 exsolveretur.

237 1355 513 1407 Factiones,
546 1367 670 1414 quae
707 1352 991 1397 conticuisse
1027 1351 1350 1412 aliquamdiu,
1396 1358 1445 1396 et
1473 1350 1576 1410 jam

237 1435 374 1495 quasi
419 1435 601 1494 sopitae
644 1433 773 1478 domi
816 1431 1139 1493 putabantur,
1193 1446 1435 1476 resumere
1467 1445 1577 1491 pas-

237 1513 323 1556 sim
342 1512 466 1556 vires
487 1546 496 1563 ‚
534 1519 680 1571 atque
710 1510 926 1555 exaudiri
954 1518 1232 1571 coeperunt.
1276 1504 1572 1556 Bronchors-

233 1593 292 1637 tii
326 1592 412 1651 qui
446 1590 658 1635 Eduardi
688 1598 850 1651 partes
892 1591 1031 1634 initio
1070 1590 1321 1642 foverant,
1372 1588 1576 1636 Guiliel-

236 1685 365 1715 mum
400 1669 601 1723 Juliaci,
655 1670 880 1716 Reinaldi
923 1677 1070 1730 atque
1125 1668 1339 1715 Eduardi
1386 1669 1576 1713 Ducum

239 1767 401 1796 sorore
445 1758 695 1812 nepotem,
745 1757 964 1811 agentem
1001 1749 1104 1809 jam
1155 1763 1332 1793 annum
1384 1747 1577 1791 circiter

237 1832 514 1892 septimum,
564 1830 706 1876 fidem
750 1838 894 1890 atquc
939 1828 1224 1889 obsequium
1276 1827 1576 1890 pollicendo,

238 1911 482 1955 dominum
534 1919 678 1970 atque
730 1909 912 1954 Ducem
964 1924 1101 1953 suum
1151 1907 1576 1969 proclamandum,

238 1992 567 2035 declararunt:
612 1996 772 2033 tutore
806 1987 1087 2038 constituto,
1124 1985 1239 2030 dum
1286 1987 1386 2047 ipse
1418 1984 1577 2030 adhuc

239 2072 395 2116 minor
443 2077 588 2121 esset,
640 2076 778 2130 patre
824 2066 928 2127 ejus
979 2065 1238 2113 Guilielmo
1283 2065 1575 2122 Juliacensi3

240 2151 322 2196 sed
368 2149 641 2201 Hekemui,
681 2147 774 2193 alio
845 2153 1188 2208 respectantes,
1236 2145 1576 2197 Mechtildam‚

238 2245 448 2275 sororem
478 2227 676 2288 quidem
711 2225 794 2271 sed
831 2241 929 2270 non
971 2241 1242 2286 germanam
1277 2227 1499 2274 Reinaldi
1530 2233 1580 2270 et

242 2308 456 2355 Eduardi
491 2316 627 2370 (nam
673 2304 933 2350 Mechtilda
983 2313 1088 2351 erat
1126 2322 1182 2351 ex
1233 2321 1378 2351 uxore
1423 2305 1578 2367 prima

241 2388 465 2437 Reinaldi
498 2388 577 2440 II,
624 2386 802 2447 Sophia
845 2403 872 2431 a
906 2385 1145 2432 Betthout
1178 2387 1379 2431 Domina
1413 2385 1574 2431 Mech-

316 2576 378 2621 (1)
408 2577 511 2612 Inter
534 2574 606 2611 hos
628 2572 740 2610 etiam
763 2573 954 2609 Pontanus
978 2584 1069 2621 pag.
1094 2585 1181 2619 29¹·
1218 2580 1254 2610 et
1277 2573 1445 2611 Butkens
1470 2572 1500 2612 l.
1524 2577 1569 2612 c.'

267 2655 305 2689 p.
322 2642 343 2673 4
355 2644 373 2671 Q»
386 2654 425 2683 ‹J-
