1811 3358
869 223 929 268 22

238 353 306 397 De
358 345 593 398 ¹electione
640 353 751 397 novi
811 352 1018 413 episcopi
1067 353 1367 397 contentione
1419 362 1547 407 orta,

238 432 494 483 Henricus,
544 440 598 475 ut
632 432 888 491 eligeretur
932 432 1227 477 Hei-mannus
1275 431 1550 484 Hornensis,

238 510 438 555 volebat.
487 510 553 555 At
588 510 961 569 Trajectensium
991 513 1164 557 civium
1191 528 1301 574 pars
1331 511 1549 564 maxima,

233 598 281 635 et
323 591 396 635 his
429 591 687 636 Daventria
721 599 769 636 et
803 593 888 653 qui
928 593 978 636 in
1012 593 1133 653 agris
1171 591 1405 652 degebant
1440 604 1551 634 con-

226 669 412 729 juncti,
455 671 624 731 (vulgo
661 671 816 716 Sticht
849 671 1055 730 dicitur)
1103 670 1406 716 Fredericum
1453 669 1551 716 Ho-

231 749 425 792 melium
456 749 532 793 vel
559 756 612 793 ut
642 749 723 793 alii
769 748 982 794 scribunt
1014 749 1265 794 Havelium
1309 746 1550 809 petebant.

235 827 336 871 Hac
375 826 434 872 de
478 844 530 872 re
573 827 748 872 multae
791 826 1053 872 discordiae
1101 834 1233 872 ortae
1281 835 1417 885 sunt.;
1469 826 1551 872 sed

234 908 533 953 Hermannus
559 905 805 951 victoriam
832 905 1120 965 reportavit3
1148 921 1255 951 nam
1286 913 1475 951 mortuo
1504 905 1550 950 ei

233 1004 356 1033 anno
386 986 510 1033 1156
543 985 765 1031 successit
799 983 1121 1030 Gothofredus
1155 1001 1182 1030 a
1214 985 1414 1031 Rhenio.
1461 985 1549 1031 Co—

230 1082 328 1111 mes
356 1065 589 1110 Hen1·icus
637 1063 843 1123 suscepit
879 1077 1000 1107 anno
1043 1062 1166 1107 1156
1201 1064 1548 1123 expeditionem

234 1161 341 1190 cum
375 1145 671 1205 Imperatore
711 1142 961 1187 Frederico
997 1143 1047 1186 in
1080 1142 1268 1187 Italiam
1315 1149 1363 1188 et
1397 1142 1551 1188 adfuit

233 1223 489 1269 obsessioni
518 1222 783 1267 Mediolani.
849 1222 916 1266 Ex
944 1221 1033 1266 hac
1066 1220 1364 1281 expeditione
1388 1237 1548 1267 rever-

234 1321 308 1349 sus
360 1311 430 1348 cst
464 1318 585 1347 anno
623 1301 756 1346 1162.
823 1301 963 1345 Anno
1003 1299 1129 1345 1165
1158 1315 1325 1361 magna
1355 1300 1446 1345 suit
1475 1300 1548 1344 in-

231 1372 457 1439 undati03
494 1389 542 1425 et
576 1381 720 1424 hocce
746 1380 851 1424 loco
885 1395 981 1425 non
1016 1379 1171 1423 omitti
1208 1378 1352 1424 debet
1393 1379 1547 1440 diplo-

229 1480 304 1507 ma
337 1461 581 1508 Frederici
615 1460 921 1520 Imperatoris
969 1458 1245 1519 cognomine
1292 1458 1548 1504 Barbaros-

229 1558 329 1593 sac,
379 1556 476 1599 quo
524 1539 561 1582 is
604 1538 750 1582 hocce
799 1552 920 1581 anno
967 1543 1161 1596 praeter
1212 1537 1304 1582 alia
1350 1539 1548 1584 Henrici

230 1635 425 1681 quoque
468 1617 658 1663 Comitis
692 1614 855 1662 Gelria
899 1614 1188 1659 mentionem
1230 1614 1407 1662 faciens
1452 1634 1550 1664 me-

230 1706 411 1749 morat,
448 1696 549 1756 ejus
595 1695 892 1753 aliorumque
926 1693 1199 1753 principum
1227 1693 1463 1748 virorum,
1495 1705 1552 1742 ut

233 1777 497 1827 Godesredi
523 1775 892 1834 Trajectensium
913 1772 1124 1833 episcopi
1143 1807 1153 1824 ,
1173 1772 1402 1818 Florentii
1434 1774 1551 1820 Hol-

230 1857 437 1909 landiae‚
461 1863 508 1900 et
534 1853 821 1901 Theodorici
851 1852 1028 1897 Cliviae
1058 1851 1291 1896 Comitum
1323 1853 1549 1913 petitioni

229 1947 373 1998 atque
437 1935 687 1980 instantiae
749 1932 1023 1981 indulsisse,
1079 1938 1132 1974 ut
1178 1930 1310 1976 Noda
1370 1932 1545 1992 (hodie

233 2015 452 2075 Grcbbe)
485 2029 646 2074 agger,
678 2013 763 2072 qui
810 2012 922 2056 alias
973 2009 1121 2055 Nieda
1168 2009 1443 2064 dicebatur,
1475 2013 1548 2057 in-

231 2107 305 2142 ter
331 2096 549 2141 Rhenum
574 2101 623 2138 et
652 2108 780 2137 mare
811 2091 992 2152 positus
1015 2089 1073 2134 ad
1093 2089 1334 2135 evitandas
1368 2091 1545 2137 Oceani

232 2178 500 2226 eluviones,
561 2174 765 2218 humana
805 2187 950 2231 opera
995 2169 1353 2230 perfoderetur,
1403 2179 1452 2216 et
1490 2187 1546 2216 ea

233 2272 355 2317 quae
408 2255 532 2299 circa
586 2250 942 2296 Batavodurum
989 2250 1157 2296 Rheno
1207 2259 1310 2296 erat
1361 2251 1546 2310 objecta

232 2336 399 2387 moles,
443 2340 568 2378 sarta
618 2338 743 2375 tecta
788 2337 1115 2391 permaneret,
1167 2330 1350 2376 sublato
1402 2344 1544 2388 quern

234 2415 510 2460 Hollandiae
565 2412 726 2457 Comes
776 2426 927 2471 prope
988 2408 1366 2469 Suadenbergam
1423 2408 1545 2453 strui

237 2503 424 2539 curaret
471 2493 627 2540 Rheni
658 2490 795 2535 obici.
860 2488 1040 2534 Peritia
1070 2496 1118 2533 et
1148 2503 1302 2532 mores
1348 2487 1543 2532 Henrici

237 2577 277 2619 ci
308 2574 529 2620 videntur
572 2572 747 2617 animos
793 2569 1061 2614 conciliasse
1112 2568 1382 2628 principum
1429 2566 1544 2611 vici-
