1811 3358
847 232 906 277 52

216 366 277 412 do
322 371 613 426 postremum
664 368 824 422 capto,
875 378 928 406 ae
961 361 1172 413 carceri,
1224 362 1279 405 ut
1316 362 1440 407 infra
1474 362 1550 408 di·

218 458 381 491 cemus
427 441 728 500 mancipato,
793 455 901 484 eum
947 439 1315 486 latrociniorum
1365 442 1555 488 satietas

223 529 369 573 esset,
418 520 606 565 collecti
650 520 825 564 milites
860 537 915 565 ae
946 519 1105 579 justus
1143 521 1388 581 utrimque
1426 538 1556 567 eom-

223 608 422 665 paratus
457 599 692 644 exercitus
731 606 814 642 est.
883 599 1169 651 Reinaldus,
1202 602 1281 645 cui
1314 601 1560 648 Hekerani

225 679 452 727 favebant
493 676 660 722 validis
709 693 817 721 cum
859 677 1010 738 copiis
1049 677 1262 724 Thielam
1306 681 1556 727 concessit.

226 758 371 821 Quod
417 757 668 803 Eduardus
719 758 805 817 qui
842 764 944 802 tum
989 758 1215 819 Neomagi
1245 759 1416 821 agebat
1461 762 1565 807 ani-

226 837 530 883 madvertens
578 853 751 897 gnarus
803 837 1060 883 maximum
1114 854 1226 883 suae
1279 855 1447 886 causae
1491 842 1565 886 in-

227 918 577 965 commodatum
602 919 842 971 illaturos,
877 919 916 963 si
945 919 1001 964 in'
1023 926 1310 979 potestatem
1342 921 1566 967 Reinaldi

223 1000 506 1045 *Thielenses
554 997 838 1042 devenirent
891 998 1125 1042 instructo
1192 1015 1301 1044 cum
1359 1003 1572 1048 exercitu

233 1076 412 1122 eisdem
446 1094 591 1138 quam
638 1078 887 1122 celerrime
922 1078 1098 1122 auxilio
1135 1080 1346 1124 accurrit
1388 1082 1570 1126 omnia-

234 1174 332 1218 que
381 1158 478 1218 egit
516 1167 570 1204 ut
621 1159 819 1204 fratrem
865 1158 926 1204 ab
975 1158 1221 1204 obsidione
1288 1160 1571 1206 retraheret.

231 1239 330 1285 Nec
383 1253 545 1289 mora,
583 1237 862 1282 descensum
897 1237 947 1280 in
991 1237 1143 1282 aciem
1201 1237 1331 1283 haud
1396 1240 1570 1299 procul

236 1319 404 1365 Thiela
438 1315 774 1378 proeliumque
811 1316 1109 1361 commissum
1147 1315 1226 1361 die
1258 1316 1320 1363 25
1353 1317 1467 1377 Maji
1488 1333 1572 1363 an-

236 1398 288 1443 ni
326 1396 464 1444 1361.
499 1394 594 1440 Sed
627 1394 831 1439 victoria
870 1411 897 1440 a
928 1395 1145 1455 partibus
1180 1395 1395 1441 Eduardi
1442 1398 1574 1442 stetit

239 1484 504 1539 captusque
545 1483 616 1520 est
643 1474 905 1522 Rcinaldus
936 1476 1070 1529 Dux,
1105 1476 1276 1521 aetatis
1313 1474 1400 1528 28,
1436 1477 1573 1537 regni

236 1557 309 1603 sui
362 1554 547 1600 decimo
591 1562 771 1600 octavo.

306 1641 368 1684 In
416 1632 727 1681 eustodiendo
777 1639 936 1676 autem
983 1631 1131 1677 sratre
1166 1633 1425 1685 Reinaldo‚
1479 1650 1578 1694 qua

245 1718 338 1764 suit
372 1731 483 1761 usus
518 1713 741 1764 solertia,
775 1719 837 1756 et*
865 1711 1037 1757 addam
1072 1712 1216 1757 etiam
1263 1713 1578 1766 humanitate,

244 1815 373 1846 nunc
403 1793 568 1857 paucis
609 1791 934 1852 aperiendum.
1001 1792 1118 1837 Nam
1160 1792 1276 1837 duas
1319 1792 1581 1853 praecipue

245 1894 303 1923 ex
334 1874 523 1922 arcibus
559 1887 670 1917 suae
702 1871 897 1916 ditionis
924 1871 1129 1932 delegit,
1175 1872 1226 1916 in
1257 1871 1432 1931 quibus
1472 1878 1583 1918 eum

246 1956 532 2003 conclusum·
556 1952 797 1998 detineret
826 1952 1166 1999 Rosendalium
1192 1960 1242 1996 et
1282 1950 1583 1996 Nienhecam.

247 2039 365 2083 Post
397 2041 599 2078 mortem
636 2033 797 2078 fratris
835 2031 1050 2077 Eduardi
1094 2048 1120 2076 e
1169 2046 1363 2077 carcere
1409 2030 1586 2077 libera-

248 2123 328 2161 tus
361 2120 432 2158 est
467 2128 589 2157 anno
618 2111 766 2169 1371;
802 2112 885 2157 sed
926 2127 1024 2155 non
1058 2111 1143 2156 diu
1189 2112 1303 2157 huie
1348 2115 1588 2173 superstes

252 2194 369 2246 fuit,
404 2209 513 2238 nam
545 2200 762 2238 mortuus
797 2200 869 2237 est
903 2191 1070 2237 eodem
1102 2207 1255 2244 anno,
1292 2192 1371 2238 die
1419 2193 1449 2238 2
1491 2193 1586 2239 De-

258 2274 474 2321 cembris.
542 2272 803 2318 Reinaldus
856 2272 1030 2332 igitur,
1075 2287 1182 2316 cum
1224 2272 1353 2331 jam,
1389 2280 1444 2316 ut
1484 2271 1587 2317 dic-¹

257 2364 388 2405 tum,
426 2352 588 2397 fratris
637 2354 852 2413 captivus
888 2359 1012 2401 esset
1057 2352 1176 2397 adeo
1230 2352 1371 2396 fuisse
1419 2350 1588 2396 obesus

262 2448 561 2495 corporeque
608 2448 762 2477 crasso
811 2431 1012 2482 dicitur,
1049 2439 1104 2474 ut
1146 2431 1391 2475 hominum
1436 2444 1589 2492 prope

264 2515 487 2566 duorum,
522 2513 654 2558 obesi
689 2511 902 2573 corporis
933 2518 1118 2556 tumore
1153 2510 1344 2555 modum
1375 2525 1430 2554 ae
1460 2526 1592 2555 men-

267 2609 424 2638 suram
464 2592 726 2639 excederet.
793 2590 901 2636 Fuit
941 2590 1135 2636 ultimus
1179 2606 1233 2635 ex
1286 2590 1460 2636 familia
1506 2589 1593 2635 Co-
