1811 3358
831 261 923 308 103

216 405 411 451 quoque
441 390 828 437 Ravenstcinium
861 391 948 436 sub
982 391 1074 436 fide
1105 392 1379 445 clientelae,
1417 410 1540 454 quac

216 470 429 521 Caesari,
478 479 530 514 ut
562 471 683 514 Duci
729 471 1011 515 Brabantiae
1063 469 1355 517 debebatur:
1390 474 1541 520 offen-

217 550 369 595 siones
404 549 620 594 similiter
649 549 891 608 utrimque
924 549 1144 594 remissae
1174 565 1358 603 omnes,
1398 562 1445 598 et
1478 555 1538 613 lis

216 629 331 675 bere
397 629 575 673 dimissi
625 629 826 689 captivi;
881 629 1249 690 mandatumque
1297 630 1544 678 ordinibus

214 707 406 755 Gelriae
455 724 508 753 ac
544 708 801 753 Comitatus
838 708 1135 769 Zutphaniae
1177 711 1438 764 universis,
1483 719 1538 757 ut

214 788 395 833 Ducem
440 789 694 833 immunem
729 798 874 849 atque
916 799 1185 851 exemptum
1232 790 1466 837 haberent
1513 809 1542 838 a.

212 868 364 928 pactis
402 875 547 927 atque
588 867 955 927 obligationibus
1002 884 1121 929 quas
1166 886 1274 915 cum
1323 872 1426 932 ipso
1471 872 1540 919 fe-

211 946 384 991 cissent
416 953 505 991 etc.
573 945 739 1006 Atque
772 947 838 991 sic
869 948 1113 1008 utrimque
1144 956 1193 994 et
1219 949 1412 996 Carolus
1442 952 1540 997 Im-

209 1035 404 1087 perator
450 1034 497 1072 et
544 1026 650 1072 Dux
700 1025 982 1073 Guilielmus
1018 1029 1204 1089 singula
1251 1030 1394 1082 haee,
1427 1031 1538 1076 dolo

213 1122 267 1150 ac
305 1106 472 1151 fraude
505 1106 721 1157 remotis,
759 1107 854 1151 suis
887 1107 1050 1167 sigillis
1077 1108 1274 1161 additis,
1304 1125 1403 1155 esse
1436 1120 1539 1157 rata

210 1184 492 1245 firmataque
527 1185 798 1228 voluerunt.
867 1184 1051 1244 Quibus
1095 1202 1203 1230 eum
1250 1188 1301 1233 in
1347 1191 1539 1238 modum

208 1265 443 1326 peractis,
474 1264 683 1308 Barones
719 1262 892 1308 deinde
934 1264 1150 1324 ordoque
1181 1266 1428 1326 Equestris
1455 1286 1536 1330 ag-

212 1359 391 1388 novere
441 1342 778 1403 imperatorem
814 1358 1007 1395 verum,
1043 1343 1307 1404 legitimum
1353 1363 1408 1392 ac
1454 1348 1539 1407 116-Δ

209 1422 491 1467 reditarium
530 1421 766 1464 ditionum
803 1419 994 1466 Gelriae
1027 1438 1081 1465 ac
1117 1424 1413 1483 Zutphaniae
1443 1427 1538 1471 Do-

210 1502 419 1557 minum3
456 1499 601 1559 idque
635 1500 683 1544 vi
717 1508 765 1544 ct
806 1501 1092 1546 auctoritate
1127 1502 1380 1548 feudorum
1411 1521 1536 1565 quae

213 1581 338 1626 facta
388 1581 482 1638 jam
517 1580 628 1624 olim
677 1587 814 1625 erant
857 1597 884 1625 a
931 1582 1192 1641 majoribus
1244 1583 1359 1643 ejus.

272 1658 457 1704 Deinde
518 1658 747 1712 baroneS,
812 1658 957 1704 iidem
1014 1661 1230 1722 ordoque
1288 1662 1534 1724 Equestris

210 1754 264 1783 ac
313 1737 520 1798 delegati
558 1737 658 1796 jam
706 1739 982 1791 memorati,
1041 1741 1091 1784 in
1139 1740 1286 1786 verba
1330 1742 1538 1790 Caesaris

202 1819 458 1878 jurarunt,
504 1816 671 1876 eique,
714 1824 768 1861 ut
812 1825 859 1862 et
894 1818 1151 1864 heredibus
1188 1820 1319 1878 ejus,
1373 1821 1534 1876 fidem,

207 1898 487 1957 obsequium
535 1913 590 1941 ac
637 1898 957 1943 reverentiam
1008 1901 1345 1960 promiserunt.
1414 1903 1536 1950 Inde

206 1977 334 2022 haud
381 1975 577 2021 defuere
621 1977 707 2036 qui
752 1977 939 2021 Caesari
983 1979 1204 2024 exhibitis
1238 1980 1413 2027 libellis
1463 2001 1538 2030 ra-

207 2057 383 2101 tionem
418 2055 592 2100 docere
643 2063 952 2101 tentaverunt
995 2074 1092 2118 qua
1134 2060 1370 2106 contineri
1411 2063 1537 2111 intra

207 2135 352 2180 officii
398 2133 531 2181 Gelri
573 2143 791 2194 possent,
845 2144 1047 2196 propter
1084 2139 1288 2198 regionis
1332 2157 1442 2188 suae
1481 2162 1536 2190 ac

211 2215 325 2258 situs
371 2215 745 2273 oportunitatem
795 2214 932 2260 facile
982 2216 1180 2263 mobiles
1224 2227 1272 2265 et
1307 2221 1366 2266 ad
1414 2224 1538 2270 sedi-

208 2295 386 2338 tionem
435 2294 590 2353 parati
625 2294 702 2353 (1).

269 2374 567 2434 Imperator,
601 2374 781 2418 Ducem
818 2373 867 2416 in
914 2376 1126 2420 exercitu
1185 2393 1268 2422 suo
1317 2379 1534 2441 adscrip-

273 2556 333 2599 (1)
364 2558 418 2592 De
456 2556 522 2591 tali
554 2555 704 2591 Libello
740 2556 787 2591 ab
815 2556 1029 2603 incognito,
1066 2558 1192 2604 lingua
1217 2559 1388 2609 Gallica,
1421 2577 1514 2602 con..

222 2619 357 2667 scripto
392 2619 467 2657 vid.
498 2623 690 2657 Fontanus
726 2621 811 2659 Lib.
847 2622 924 2658 ΧΠ.
971 2637 1057 2671 pag.
1093 2628 1161 2661 ⁸55
1196 2633 1230 2661 et
1264 2630 1352 2664 356.
