1811 3358
929 283 989 329 82

281 425 443 464 trarct.
511 416 584 462 Ac
623 431 728 460 mox
783 420 948 473 eaptus
1013 410 1295 456 Namurcum
1341 423 1428 470 per
1480 426 1618 472 prae-

279 501 456 545 fectum
492 498 698 548 castelli,
733 494 811 540 cui
840 494 890 539 id
925 510 951 538 a
981 493 1149 539 Carolo
1185 490 1460 536 mandatum
1512 500 1618 538 erat

283 578 508 624 reductus
552 584 647 628 est,
696 573 807 619 inde
842 572 1122 619 Vilvordam
1164 587 1220 616 ac
1269 568 1461 615 tandem
1507 569 1623 616 Cor-

279 667 463 704 tracum
505 657 694 708 missus,
748 655 816 700 ibi
875 669 1029 714 usque
1096 651 1157 698 ad
1210 658 1414 696 mortem
1464 651 1622 697 Caroli

278 735 584 798 Burgundiae
616 735 817 779 honesta
851 734 900 778 in
928 727 1143 778 custodia
1176 739 1391 778 retentus
1429 733 1617 779 mansit.

290 836 291 839 ¹
343 819 448 863 Dux
477 815 672 862 Carolus
699 813 916 860 Arnoldo
943 821 1137 875 praeter
1166 812 1297 858 varia
1324 812 1449 858 dona
1467 847 1477 865 ,
1513 813 1623 874 qui-

280 900 368 945 bus
395 913 504 944 eum
537 904 593 942 ut
631 896 856 957 princeps
891 893 1251 939 liberalissimus
1281 893 1442 940 affecit
1476 893 1621 939 etiam

279 980 485 1042 pecunia
529 978 683 1038 juvit,
731 984 788 1022 ut
837 975 1068 1020 militibus
1133 975 1308 1020 coactis
1355 988 1624 1034 recupera·-

281 1067 386 1112 ret,
452 1058 640 1119 sibique
724 1056 1068 1116 obsequentem
1136 1055 1362 1100 redderet
1428 1054 1622 1101 Gelriae

279 1140 517 1186 Ducatum
549 1146 597 1185 et
630 1136 931 1198 Zutphaniae
960 1135 1257 1180 Comitatum.
1305 1133 1477 1179 Postea
1512 1147 1622 1177 cum

275 1219 510 1265 militibus
561 1233 726 1263 versus
775 1214 1002 1262 Graviam
1053 1213 1301 1276 profectus
1352 1221 1452 1266 est,
1497 1219 1546 1258 et
1592 1227 1622 1258 a

277 1297 620 1347 Graviensibus
671 1294 937 1342 honorifice
975 1293 1067 1340 fuit
1106 1301 1344 1355 exceptus.
1388 1291 1623 1338 Praese&

280 1386 359 1423 tus
398 1395 512 1423 vero
549 1377 729 1422 castelli
782 1376 960 1436 aliique
1000 1375 1087 1435 qui
1131 1389 1289 1419 arcem
1338 1371 1472 1417 urbis
1521 1387 1622 1416 ser-

280 1458 485 1509 vabant,
525 1472 780 1518 agnoscere
832 1471 922 1500 nco
964 1454 1216 1500 admittere
1252 1452 1502 1508 volebant3
1554 1450 1621 1494 ci-

273 1550 362 1583 ‘ves
399 1544 557 1582 autem
622 1535 777 1595 adjuti
827 1534 971 1579 Ducis
1022 1533 1251 1578 militibus
1304 1531 1625 1594 oppugnatio-

278 1633 388 1663 nem
440 1616 781 1667 instituerunt,
818 1615 866 1659 vi
914 1622 1095 1658 armata
1134 1615 1449 1674 praecipuum
1496 1611 1622 1656 arcis

277 1696 693 1759 propugnaculum
725 1695 775 1739 in
811 1709 942 1739 suam
973 1701 1259 1754 potestatem
1299 1692 1617 1754 redegerunt,

280 1770 447 1839 postea
493 1775 579 1836 qui
613 1788 769 1819 arcem
819 1770 1061 1816 habebant
1105 1772 1252 1815 vitam
1290 1772 1464 1816 salitam
1504 1786 1618 1831 pac·-

279 1858 346 1910 ti,
383 1872 431 1901 se
463 1868 719 1914 arcemque
764 1850 983 1896 Arnoldo
1020 1850 1142 1895 Duci
1170 1849 1486 1896 tradiderunt.
1531 1851 1618 1895 In-

281 1937 342 1983 dc
375 1952 473 1981 non
507 1934 592 1980 diu
621 1941 730 1995 post
765 1939 987 1993 receptus
1026 1946 1223 1991 quoque
1251 1930 1495 1976 Arnoldus
1526 1930 1619 1976 suit

277 2036 305 2064 a
339 2013 811 2064 Ruremondensibus
849 2029 904 2058 ac
945 2011 1120 2060 Gelrae
1169 2010 1362 2073 oppido.

342 2097 501 2145 Ceteri
535 2094 845 2142 incitantibus
893 2094 1174 2156 praesertim
1216 2089 1617 2153 Neomagensibus

273 2179 558 2240 obsequium
593 2184 838 2239 praestare
875 2176 921 2222 ei
969 2182 1234 2237 negarunt3
1269 2181 1437 2233 estque
1464 2170 1525 2216 ab
1556 2171 1620 2215 iis

278 2261 329 2305 in
362 2260 521 2304 locum
565 2256 811 2317 Adolphi‚
847 2255 958 2316 qui,
993 2262 1048 2299 ut
1079 2254 1377 2299 meminimus
1424 2251 1617 2296 Cortra-

281 2341 325 2386 ci
369 2337 622 2384 tenebatur
662 2335 902 2396 captivus,
953 2335 1132 2380 electus
1176 2334 1328 2380 veluti
1379 2338 1511 2374 tutor
1558 2343 1614 2372 ac

278 2419 550 2483 praefectus
578 2415 839 2466 ditionum,
869 2414 1084 2459 Meursae
1114 2414 1277 2459 Comes
1307 2408 1610 2465 Vincentius3

278 2498 363 2557 qui
404 2505 452 2543 ct
486 2494 947 2541 administrationem
989 2506 1153 2535 carum
1188 2488 1355 2534 eodem
1390 2489 1480 2533 hoc
1515 2489 1615 2533 cir-

281 2577 401 2624 citer
437 2586 651 2637 tcmpore
701 2573 919 2635 suscepit.
989 2571 1133 2632 Leges
1162 2570 1338 2632 quibus
1375 2568 1608 2630 guberna-
