1811 3358
878 234 939 280 29

259 371 309 414 in
345 367 513 418 Italia,
547 364 630 410 sed
674 364 829 409 statim
862 364 993 409 venit
1023 363 1366 423 Ultrajectum,
1400 372 1448 410 ct
1485 366 1585 426 pri-

259 463 385 493 mum
413 445 604 492 Gelriae
653 443 872 487 comitem
918 450 973 486 ut
1020 450 1068 487 et
1116 442 1327 503 reliquos
1380 445 1466 504 qui
1504 444 1577 490 di-

262 526 388 572 missi
418 530 582 574 erant,
620 521 831 582 captivos
866 536 893 565 a
922 521 1072 582 lytrO,
1113 521 1245 581 quod
1269 539 1459 584 praeses
1502 526 1589 571 Co-

263 606 481 653 vordium
506 602 750 664 poscebat,
789 602 1004 647 solvendi
1030 602 1208 647 liberos
1243 610 1389 663 atque
1418 605 1594 650 immu-

263 706 347 735 nes
381 685 670 737 declaravit,
711 684 994 745 praesertim
1045 699 1151 728 cum
1201 684 1328 730 idem
1377 684 1594 745 praesec-

266 776 341 813 tus
375 783 401 812 a
435 765 625 810 domino
661 780 745 809 suo
777 772 921 824 atque
966 765 1174 808 omnium
1208 765 1295 824 qui
1345 764 1395 808 in
1429 766 1593 811 castris

268 855 370 892 tum
401 844 600 891 aderant
628 844 904 906 principum
953 844 1168 889 virorum
1198 844 1444 890 sententiis
1474 853 1597 892 esset

267 926 563 989 proscriptus
598 940 652 969 ac
682 922 1023 984 praefecturis,
1044 938 1165 983 quos
1181 923 1372 968 nomine
1407 923 1595 970 dioece-

268 1023 370 1052 scos
400 1003 592 1050 tenebat
611 1038 621 1054 ,
652 1002 922 1059 abdicatus;
959 1003 1074 1062 quia
1099 1002 1344 1048 dominum
1369 1018 1506 1048 suum
1539 1011 1595 1050 ut

269 1087 393 1130 latro
424 1082 617 1142 indigna
645 1096 761 1126 nece
795 1081 1183 1126 contrucidasset.
1250 1081 1466 1127 Mortuus
1508 1083 1598 1129 de-

269 1179 396 1208 mum
432 1169 502 1207 est
535 1176 657 1205 anno
694 1161 861 1205 aetatis
894 1159 955 1207 40
990 1161 1067 1205 die
1096 1161 1157 1206 22
1188 1161 1411 1208 Octobris
1445 1163 1593 1221 1129;

270 1242 483 1302 sepultus
516 1248 587 1286 est
623 1240 986 1297 Ruremundae3
1033 1242 1119 1301 qui
1164 1242 1296 1287 locus
1345 1250 1456 1303 post
1504 1243 1598 1290 hoc

272 1329 458 1382 tempus
496 1320 610 1365 urbs
641 1320 764 1365 facta
812 1328 911 1374 est,
947 1336 1097 1381 quum
1127 1328 1237 1366 ante
1286 1328 1471 1368 tantum
1508 1324 1599 1369 vil-

269 1402 316 1446 la
364 1408 498 1445 esset.

277 1520 280 1521 ⁷
337 1480 570 1526 Successit
605 1479 648 1524 ei
684 1478 808 1523 filius
846 1479 982 1531 Otto,
1034 1478 1137 1538 ejus
1171 1479 1375 1526 nominis
1416 1482 1595 1528 Secun-

271 1561 372 1605 dus.
439 1561 598 1621 Quum
645 1558 704 1603 ad
757 1573 953 1618 regnum
1000 1558 1199 1603 accessit
1245 1560 1401 1605 minor
1435 1562 1592 1609 adhuc

272 1647 390 1685 natu
421 1647 552 1692 erat,
600 1648 648 1685 et
695 1639 886 1684 videtur
937 1638 1081 1684 fuisse
1128 1640 1179 1684 in
1223 1641 1397 1693 tutela,
1445 1658 1596 1703 quum

272 1718 349 1763 die
395 1718 450 1763 11
487 1719 618 1763 Junii
665 1719 777 1763 anni
827 1717 946 1764 1231
982 1721 1213 1765 nonnulla
1246 1720 1379 1766 dedit
1412 1720 1595 1768 benefi-

273 1798 347 1842 cia
390 1796 714 1849 Hardervico,
780 1812 888 1841 nam
939 1798 1140 1857 epistola
1186 1815 1242 1844 ea
1277 1801 1404 1845 clare
1453 1800 1598 1848 docet

273 1876 429 1921 omnia
463 1875 565 1935 ejus
592 1883 722 1935 gesta
756 1875 898 1920 fuisse
939 1876 1145 1921 consiliis
1191 1879 1354 1923 matris
1392 1879 1595 1926 Richar-

271 1957 344 2002 dis
383 1955 663 2001 Abbatissae
706 1955 1070 2007 Ruremundae,
1106 1957 1297 2003 Domini
1324 1959 1524 2005 Henrici
1567 1977 1595 2006 a

273 2036 458 2087 Monte,
490 2035 681 2080 Domini
711 2034 954 2080 Frederici
1000 2051 1027 2078 a
1057 2035 1258 2080 Rehden
1278 2071 1287 2087 ‚
1320 2035 1480 2082 fratris
1510 2037 1596 2083 do-

272 2130 374 2159 mus
434 2113 714 2160 Germaniae
778 2121 827 2158 et
877 2113 1066 2157 Domini
1116 2113 1322 2161 Arnoldi
1376 2134 1403 2162 a
1452 2117 1597 2165 Wal-

274 2195 423 2238 chem.

339 2273 543 2319 Circiter
573 2272 664 2318 hoc
706 2279 919 2331 tempus,
951 2265 1178 2315 *mortuus
1233 2279 1304 2316 est
1354 2273 1595 2320 Vilibran-

273 2352 361 2397 dus
404 2352 663 2412 Episcopus
704 2349 1090 2409 Ultrajectensis,
1142 2356 1196 2393 ut
1238 2351 1378 2412 vulgo
1416 2352 1596 2399 dicitur

276 2432 353 2476 die
398 2431 459 2476 25
489 2431 604 2476 Julii
650 2429 798 2483 1223,
833 2429 915 2474 scd
962 2429 1114 2473 minus
1159 2436 1309 2480 recte,
1359 2446 1466 2475 nam
1513 2431 1592 2478 dio

277 2508 334 2554 31
387 2510 589 2572 Augusti
640 2510 782 2570 liujus
838 2509 948 2554 anni
995 2508 1126 2554 dedit
1171 2507 1404 2554 beneficia
1445 2527 1592 2572 quae-
