1811 3358
838 245 929 293 110

235 374 362 422 filius
415 373 616 426 Mariae,
656 373 714 420 ab
760 373 1034 435 hujusmodi
1085 368 1400 420 successione
1426 373 1567 436 proi-2»

237 471 314 501 sus
356 454 541 499 excludi
589 453 823 508 debebat,
877 472 1028 516 quum
1073 455 1185 515 jure
1237 461 1429 499 cautum
1476 454 1566 505 sit,

237 535 488 580 foeminam
545 536 596 579 in
652 535 806 580 feudis
871 553 969 582 non
1018 536 1277 583 succedere
1326 536 1416 596 (l),
1478 532 1568 576 nisi

239 614 363 660 forte
411 616 462 659 in
504 615 789 660 investitura
839 616 982 661 aliter
1029 623 1153 661 esset
1199 614 1467 677 provisum3
1521 618 1571 656 et

239 694 432 754 quando
481 693 686 739 foemina
733 712 760 740 a
794 694 937 740 feudo
979 694 1276 746 excluditur,
1326 694 1469 739 etiam
1511 691 1572 737 ab

239 790 297 820 eo
331 774 518 820 excludi
551 774 655 835 ejus
688 775 839 819 filium
875 775 969 836 (2),
1001 792 1110 821 nam
1141 791 1280 821 nemo
1305 781 1465 836 potest
1489 772 1574 833 jus

239 854 373 915 quod
405 855 507 915 ipse
550 872 649 900 non
686 855 832 901 habet
878 857 928 901 in
959 857 1163 902 alterum
1210 853 1452 901 tranferre
1492 851 1575 914 (3).

237 969 240 973 Δ
306 916 458 980 Porro
498 935 655 980 Duces
699 936 1017 986 Juliacenscs,
1063 937 1148 996 qui
1182 951 1272 996 per
1315 932 1380 980 64
1426 948 1574 979 annos

241 1014 365 1058 nihil
392 1014 517 1073 juris
564 1013 614 1056 in
659 1028 767 1056 cum
808 1013 1042 1057 Ducatum
1086 1029 1201 1073 prae
1255 1029 1304 1057 se
1360 1013 1576 1057 tulerunt

243 1109 331 1154 per
377 1091 807 1154 praescriptionem
865 1092 984 1136 tanti
1046 1091 1274 1152 temporis
1321 1090 1455 1136 fuere
1499 1106 1580 1135 ex—

243 1173 389 1224 clusi,
438 1188 590 1232 quum
634 1173 785 1218 omnis
823 1173 948 1217 actio
982 1180 1079 1217 tam
1110 1173 1249 1218 realis
1281 1188 1425 1231 quam
1468 1186 1581 1232 per-

243 1252 444 1302 sonalis,
489 1252 685 1311 triginta
715 1252 792 1296 vel
827 1260 958 1297 certe
993 1251 1311 1312 quadraginta
1342 1264 1576 1297 annorum

245 1332 435 1377 silentio
467 1332 773 1392 extinguatur
795 1331 890 1393 (4),
920 1340 969 1377 et
1000 1333 1143 1378 etiam
1175 1331 1317 1377 feuda
1339 1331 1430 1376 hoc
1462 1340 1581 1376 tem-

248 1413 379 1473 poris
410 1427 554 1457 cursu
584 1412 976 1473 praescribantur
1005 1414 1091 1473 (5),
1126 1412 1165 1456 si
1202 1411 1466 1457 consentiat
1497 1409 1583 1453 do·

244 1493 427 1544 minus,
474 1499 522 1537 et
557 1491 676 1536 haec
707 1492 1027 1552 praescriptio
1064 1498 1197 1536 certo
1232 1490 1335 1534 nisa
1369 1497 1440 1534 cst
1471 1505 1582 1534 auc-

248 1572 448 1616 toritate
498 1570 812 1631 Imperatoris
847 1569 1119 1621 Fredcrici‚
1168 1585 1276 1613 nam
1312 1570 1394 1614 illc
1436 1578 1490 1613 ut
1534 1578 1581 1614 et

250 1651 602 1713 Sigismundus,
652 1649 919 1694 inseudavit
962 1657 1110 1709 atque
1154 1649 1401 1694 investivit
1442 1649 1586 1694 Caro·

248 1732 349 1777 lum
393 1739 442 1777 et
480 1729 861 1775 Maximilianum.

316 1812 495 1857 Contra
539 1810 798 1856 cessionem
842 1808 1023 1854 hancce
1056 1808 1266 1869 objectio
1307 1807 1588 1869 principalis

248 1892 538 1938 Clivensium
582 1891 702 1943 suit,
751 1890 883 1951 quod
931 1892 1015 1951 (ut
1061 1906 1226 1935 corum
1274 1892 1421 1937 verba
1465 1891 1588 1936 rese·

253 1976 442 2034 ramus)
478 1972 621 2018 etiam
656 1971 695 2015 si
740 1970 889 2015 cessio
934 1970 1039 2021 illa,
1076 1977 1260 2015 tantum
1297 1972 1439 2016 titulo
1473 1988 1588 2016 vcn-

251 2053 451 2098 ditionis
488 2052 613 2098 sacta
647 2058 795 2103 esset,
829 2058 1011 2102 tamen,
1044 2067 1099 2096 cx
1124 2067 1223 2112 quo
1250 2052 1462 2114 pretium
1496 2051 1587 2097 suit

251 2249 255 2255 «
329 2227 393 2274 (ι)
423 2225 610 2262 Sonsbec.
645 2227 735 2262 Pars
759 2227 831 2263 IX.
866 2225 939 2265 w.
969 2229 1051 2262 128.
1079 2225 1263 2262 Borcholt
1293 2226 1389 2274 Cap.
1414 2225 1505 2266 vll.
1531 2237 1583 2272 pu

276 2306 312 2330 2.
345 2292 414 2329 N'.
449 2294 496 2327 66
534 2298 572 2326 et
604 2290 820 2328 Roscnthal
856 2293 950 2340 Cap.
979 2291 1071 2329 Vll.
1107 2290 1185 2331 Th,
1223 2294 1286 2328 83.

329 2356 393 2405 (2)
421 2355 516 2394 Vid,
547 2356 644 2404 Cap.
673 2357 705 2393 Ι.
741 2356 786 2391 de
818 2355 934 2392 Proh.
972 2355 1091 2392 Feud.
1123 2354 1234 2392 alien.
1269 2368 1338 2404 per
1373 2353 1483 2389 Frcd.

331 2421 395 2468 (5)
425 2420 471 2456 L.
507 2421 570 2457 54.
599 2419 641 2458 ff.
678 2419 723 2455 dc
759 2419 918 2468 chulis
952 2421 1065 2457 Juris.

332 2484 396 2532 (4)
427 2485 470 2519 L.
501 2486 522 2520 3
544 2492 581 2521 et
607 2486 628 2519 4
653 2484 746 2521 Cod.
773 2483 817 2519 dc
843 2485 1012 2520 Pracscr.
1030 2484 1153 2518 XXX
1180 2482 1237 2519 vel
1270 2482 1338 2517 XL
1376 2495 1574 2517 annorum.

331 2552 394 2598 (5)
424 2550 516 2589 vid.
563 2549 677 2586 Sand.
718 2549 765 2584 ad
798 2548 913 2586 Cons.
953 2548 1068 2585 Fcud.
1110 2546 1218 2586 Gclr.
1253 2548 1319 2585 Tr.
1357 2549 1389 2586 l,
1429 2547 1506 2585 Tit.
1544 2550 1576 2584 1.

277 2617 357 2663 Cap
400 2629 437 2650 2.
