1811 3358
856 208 945 253 116

240 343 362 390 sorte
414 340 609 384 Carolus
644 337 976 399 Egmondanus
1024 340 1282 383 tentaverit
1318 349 1483 392 eontra
1519 359 1575 389 ea

241 427 505 472 conventa,
543 420 592 464 id
627 434 765 462 omne
794 418 907 463 fecit
934 417 1126 462 irritum
1156 424 1205 462 et
1239 417 1405 471 inane,
1453 436 1577 480 quo-

241 503 369 546 niam
410 500 542 561 quod
576 499 630 543 fit
662 507 829 543 contra
868 500 1019 560 legem
1046 507 1095 544 et
1126 500 1175 543 in
1207 498 1424 544 fraudem
1457 501 1576 561 legis

240 582 345 641 ipso
370 581 483 641 jure
519 596 615 623 non
651 579 778 623 valet
812 596 901 623 ncc
927 581 1204 639 juramento
1239 579 1457 624 firmatur
1492 580 1577 640 (l);

244 679 300 708 ex
343 679 441 723 quo
486 662 668 722 colligit
715 663 955 707 Johannes
996 662 1149 707 Faber
1198 661 1296 722 (2),
1357 660 1492 722 quod
1542 662 1582 711 si

244 742 470 804 princeps
505 741 639 786 dedit
667 750 809 802 pacto
842 742 1060 803 opposito
1096 757 1156 786 ne
1193 741 1450 794 alienetur,
1496 741 1584 786 im-

243 823 428 884 petitur
480 823 690 868 Dominii
743 823 1006 867 translatio.
1075 823 1142 867 At
1191 837 1298 866 cum
1355 821 1583 867 Caesarea

242 903 464 964 Majestas
513 905 563 948 in
594 910 804 948 tractatu
855 903 1252 949 Corincliomcnsi
1307 903 1582 963 permiserit

245 985 414 1031 Carolo
443 984 762 1046 Egmondensi
792 987 1134 1046 possessionem
1169 985 1256 1030 sub
1301 985 1385 1030 illa
1420 982 1585 1027 condi-

244 1065 404 1117 tione,
464 1073 519 1110 ut
566 1080 622 1110 eo
673 1065 773 1110 sine
821 1065 987 1110 liberis
1033 1065 1325 1114 decedente,
1372 1063 1584 1106 Ducatus

247 1141 442 1190 Geli-iae
466 1153 515 1189 et
540 1144 801 1189 Comitatus
826 1144 1124 1205 Zutphaniae
1152 1143 1212 1188 ad
1238 1142 1485 1188 Caesarem
1508 1157 1586 1187 re·

238 1231 576 1276 -vertercntur,
611 1232 658 1269 et
683 1225 750 1268 sic
769 1240 828 1269 ne
848 1224 897 1268 in
916 1225 1061 1269 alium
1091 1223 1341 1268 transferri
1359 1231 1579 1283 possent,

240 1304 355 1349 hinc
390 1305 532 1364 plane
567 1305 811 1364 sequitur,
850 1321 904 1349 ex
946 1321 1177 1348 consensu
1208 1302 1580 1365 Egmondensis,

246 1385 370 1430 nihil
401 1385 451 1428 in
494 1384 650 1428 Juliae
699 1383 879 1427 Ducem
916 1384 1196 1428 translatum
1244 1397 1368 1438 csse3
1418 1397 1586 1440 quam-

246 1479 391 1523 quam
423 1463 567 1507 ctiam
598 1463 690 1506 alia
727 1461 786 1506 de
823 1477 962 1506 causa
1015 1462 1092 1506 hic
1129 1477 1383 1506 consensus
1429 1460 1587 1506 Caroli

248 1542 582 1604 Egmondemis
646 1542 833 1586 nullum
897 1550 1229 1602 argumentum
1294 1541 1590 1587 Clivensibus

246 1621 483 1684 praebere
530 1622 704 1682 possit,
741 1637 891 1680 quum
937 1628 1122 1665 constet
1164 1637 1273 1665 eum
1316 1621 1438 1665 nihil
1469 1622 1591 1682 egis-

250 1717 299 1746 se
348 1708 432 1746 aut
479 1708 706 1746 tractasse
756 1716 862 1744 cum
912 1699 1287 1751 Juliacensibus,
1349 1701 1439 1745 nisi
1480 1717 1593 1761 per-

252 1783 348 1826 vim
382 1789 464 1826 aut
502 1789 695 1825 metum.
763 1781 868 1824 Non
900 1780 1027 1824 enim
1075 1780 1290 1840 ignotum
1339 1788 1409 1824 est
1461 1782 1595 1829 illum

251 1877 342 1922 per
374 1860 632 1905 seditiones
670 1860 928 1920 populares
956 1860 1005 1903 in
1034 1875 1111 1904 eas
1143 1860 1381 1919 angustias
1417 1861 1596 1907 adduc.-

254 1949 386 1993 tum,
419 1948 473 1985 ut
520 1941 596 1986 vix
643 1955 793 1984 unum
841 1936 1074 2000 oppidum
1118 1939 1167 1983 in
1216 1956 1299 1983 sua
1338 1941 1432 1987 fide
1482 1943 1597 1987 reti-

255 2022 438 2073 nuerit,
475 2020 677 2070 caeteris
712 2035 801 2081 per
836 2018 1091 2066 Gelrenses
1128 2019 1205 2064 vel
1236 2036 1324 2080 per
1357 2021 1597 2067 Clivenses

252 2101 528 2162 occupatis3
596 2107 797 2161 eratque
853 2099 1125 2160 periculum
1185 2116 1246 2144 ne
1305 2103 1447 2147 etiam
1512 2103 1596 2148 illo

253 2183 498 2243 ademptO,
531 2182 727 2227 Carolus
754 2197 950 2242 prorsus
984 2198 1037 2226 cx
1071 2182 1167 2226 suis
1199 2182 1464 2228 ditionibus
1492 2183 1596 2244 pel*

254 2265 463 2315 leretur,
498 2262 591 2306 nisi
624 2261 832 2312 cunetis,
871 2276 997 2320 quae
1031 2261 1209 2307 vellent
1241 2262 1505 2316 Clivenses‚
1547 2276 1595 2307 se

254 2342 524 2391 consentire
573 2341 853 2385 simulasset.

330 2516 394 2561 (1)
422 2513 511 2551 vid.
544 2513 569 2550 l.
607 2517 627 2550 5
661 2512 756 2550 cod.
794 2512 839 2547 de
868 2512 1035 2560 Legibus
1069 2518 1165 2545 caet.

330 2580 392 2624 (ᾳ)
424 2581 468 2619 ln
504 2578 529 2616 l.
564 2592 653 2627 pen.
688 2577 770 2614 cod
821 2576 864 2618 dc
889 2579 990 2615 Don.
1024 2578 1121 2615 inter
1148 2574 1268 2614 xirum
1293 2584 1329 2612 ct
1362 2589 1530 2616 uxorem.
