1811 3358
880 220 943 266 64

244 357 373 404 haud
437 369 678 415 quaquam
736 351 1102 397 detrectandam
1160 350 1389 395 Albertus
1449 364 1577 400 ratus

245 439 433 500 Sylvam
479 434 627 480 Ducis
673 431 735 477 ad
768 432 1034 477 Johannam
1075 432 1167 476 iter
1218 431 1437 475 instituit,

310 516 475 575 Atque
522 512 632 558 inde
691 511 752 556 ad
804 510 1114 558 Guilielmum
1167 526 1394 571 generum
1449 526 1585 555 suum

246 609 511 658 properans
572 607 672 636 rem
721 592 770 635 in
841 591 971 635 hunc
1032 590 1328 651 propemodo
1394 591 1588 637 modum

252 673 546 736 composuit3
582 680 638 716 ut
682 669 859 717 Gravia
908 669 1161 715 Brabantis
1214 669 1426 722 reddita,
1479 687 1590 733 eap-

243 756 332 801 tivi
361 754 602 811 utrimque
639 749 998 794 dimitterentur
1017 784 1026 801 ‚
1049 749 1297 794 conflictus
1312 786 1322 803 ‚
1342 752 1559 797 incendia
1576 788 1586 805 ,

248 832 613 896 praedationes,
648 830 893 889 utrimque
931 837 1200 888 cessarent3
1242 829 1413 876 damna
1460 832 1590 876 illata

251 930 337 960 sua
370 914 575 974 quisque
624 912 727 956 viee
780 910 943 955 serret-
1011 910 1105 955 Sed
1147 926 1266 971 paee
1303 928 1358 956 ea
1400 911 1592 956 vixdum

251 993 404 1044 facta,
441 1000 644 1052 occupat
676 992 851 1037 iterum
879 989 1106 1036 Graviam
1135 989 1431 1037 Guilielmus.
1471 990 1594 1037 Gra-

253 1073 443 1118 vissime
490 1072 583 1116 hoe
627 1069 803 1114 factum
848 1068 1134 1113 Brabantiae
1172 1069 1371 1114 Ducissa
1424 1069 1596 1114 ceteri-

254 1169 350 1213 que
398 1151 621 1196 intulere.
703 1148 922 1193 Johanna
977 1147 1123 1192 semel
1173 1147 1447 1208 iterumque
1508 1147 1596 1193 Al-

255 1232 449 1277 hertum
501 1230 736 1273 Bavarum
770 1230 900 1289 pacti
951 1227 1158 1272 foederis
1191 1244 1434 1273 commone
1470 1228 1599 1273 fece-

258 1320 350 1357 rat.
417 1308 498 1354 Ad
551 1325 726 1369 pacem
771 1307 1073 1353 sanciendam
1109 1307 1263 1367 primo
1305 1313 1600 1353 concurrunt

261 1392 591 1439 camerarum,
625 1387 800 1432 deinde
849 1387 1166 1445 Antverpiam
1210 1388 1352 1431 tertio
1396 1386 1600 1433 Gertru-

261 1470 552 1527 denbergam
598 1467 682 1511 ubi
712 1468 875 1512 nuncii
911 1466 1157 1513 Guilielmi
1199 1482 1297 1509 non
1330 1465 1600 1510 veniebant.

261 1549 387 1594 lliuc
421 1546 579 1591 denuo
615 1545 781 1591 eadem
825 1545 883 1590 de
930 1562 1070 1590 causa
1107 1546 1273 1606 Sylvae
1307 1545 1451 1590 Ducis
1488 1561 1600 1589 con-

262 1644 449 1690 gressus
486 1625 675 1670 habitus
717 1626 794 1668 eui
837 1623 1101 1668 interfuere
1141 1639 1239 1667 non
1291 1625 1414 1684 regis
1460 1623 1601 1668 modo

265 1709 531 1756 Galliarum
575 1722 630 1750 ae
679 1705 866 1749 Ducum
927 1702 1233 1763 Burgundiae
1293 1703 1604 1748 Brabantiae-

267 1805 389 1848 que,
419 1786 503 1831 sed
546 1794 594 1830 et
626 1784 770 1830 Ducis
824 1782 1017 1829 Gelriae
1081 1781 1351 1827 consiliarii.
1418 1782 1509 1829 Ubi
1556 1783 1606 1827 in

268 1885 317 1913 se
362 1875 616 1928 postquam
674 1862 957 1922 suscepisset
1000 1859 1230 1905 Albertus
1274 1860 1483 1904 Bavarus
1528 1876 1607 1921 ge-

267 1963 440 1993 nerum
486 1946 546 1991 ad
575 1960 742 2005 pacem
773 1959 827 1988 ae
863 1943 1048 1987 saniora
1094 1941 1288 1985 consilia
1339 1939 1606 1992 cohortari,

270 2028 321 2075 id
368 2025 585 2085 frigidius
641 2030 889 2068 exsecutus
954 2028 1272 2066 memoratur(
1349 2019 1423 2064 Ac
1472 2036 1605 2072 mox,

269 2103 611 2151 decedentibus
671 2102 925 2160 delegatis,
969 2116 1085 2161 pace
1139 2099 1382 2160 neglecta,
1430 2100 1612 2145 bellum

274 2187 519 2245 utrimque
563 2189 843 2228 renovatum
879 2188 962 2224 cst.
1022 2179 1240 2225 Johanna
1286 2196 1341 2224 ex
1391 2181 1612 2225 universa

275 2267 534 2312 Brahantia
583 2280 680 2308 non
730 2262 963 2307 mediocri
1028 2270 1192 2306 coacto
1247 2262 1457 2306 exercitu
1514 2260 1610 2320 (ἱ),

283 2346 541 2395 Geli-orum
577 2359 713 2403 agros
764 2342 1014 2404 praedari,
1064 2342 1383 2402 Graviamque
1428 2340 1613 2399 aliquo-

354 2534 417 2580 (1)
446 2534 693 2569 SIAEYDANUS
736 2527 846 2563 tradit
889 2526 1135 2576 quadradiuta
1182 2525 1299 2562 millia
1343 2532 1599 2574 pugnatorum

301 2598 430 2635 suisse-
