1811 3358
856 208 915 254 14

213 356 364 403 usquc
412 338 536 385 infra
587 339 897 399 Campenum,
966 347 1014 384 et
1067 346 1180 383 tunc
1243 340 1444 387 effluunt
1496 344 1545 389 in

213 424 378 473 Sinum
422 420 602 466 Oceani
639 420 998 466 Meridionalem
1041 418 1363 481 (Ztciderzee).
1417 422 1542 469 Isala

210 503 353 548 etiam
387 515 494 545 cum
539 498 709 545 Rheno
749 499 1124 544 communicatur
1169 514 1256 559 per
1302 499 1538 553 canalem,

212 583 300 644 qui
340 598 368 627 a
410 582 566 626 Druso
613 594 789 624 nomen
833 579 991 625 habet.

281 663 515 723 Tempore
562 661 800 706 bellorum
845 662 1170 707 Romanorum
1215 669 1382 707 contra
1430 660 1551 709 Ger-

217 759 402 795 manos,
450 742 634 787 incolae
687 741 880 789 Gelriae
936 747 1092 792 erant,
1147 741 1401 796 Sicambri,
1452 743 1551 788 Me·

219 825 376 887 napfi,
423 823 643 882 Usipetes
679 829 724 867 et
768 820 948 866 Batavi.
1011 819 1365 866 Habitavcrunt
1408 822 1551 868 ctiam

220 912 351 950 extra
402 903 624 950 Gelriam.

285 985 454 1030 Batavi
500 983 838 1028 habitaverunt
884 983 1174 1042 Ncomagum
1227 992 1275 1028 ct
1335 1000 1550 1045 magnam

219 1073 404 1127 partem
453 1063 643 1110 Gelriae
679 1070 728 1107 et
763 1063 1025 1124 praecipue
1062 1064 1111 1106 in
1151 1063 1348 1107 Velavia
1391 1063 1451 1107 ab
1494 1064 1552 1108 iis

220 1145 350 1190 dicta
391 1144 554 1189 Insula
596 1144 909 1196 Batavorum,
961 1144 1090 1189 etin
1129 1159 1227 1203 qua
1271 1152 1375 1190 erat
1414 1145 1551 1206 oppi-

221 1224 335 1269 dum
386 1222 675 1269 Batavorum
729 1221 808 1283 (1).

285 1303 503 1363 Usipetes
535 1302 786 1347 coluerunt
802 1299 1104 1353 Goilandam,
1140 1317 1264 1362 quac
1296 1318 1419 1347 anno
1454 1301 1550 1348 99ss

218 1382 494 1446 pertinebat
546 1381 608 1427 ad
672 1384 865 1428 comites
914 1382 1238 1443 Zutphaniae,
1291 1382 1363 1427 uti
1411 1382 1552 1427 docet

219 1463 434 1509 historia.

284 1541 492 1602 Menapii
518 1541 861 1587 habitaveaunt
896 1549 1150 1601 utramque
1187 1541 1340 1600 ripam
1370 1539 1551 1592 Rheni,

219 1631 268 1668 et
311 1622 508 1667 sortasse
548 1621 695 1682 igitur
743 1622 887 1666 etiam
937 1629 1124 1682 partem
1171 1619 1375 1667 Geli-iae.

284 1700 522 1748 Sicambri
565 1708 703 1746 erant
748 1701 931 1746 incolae
981 1700 1278 1761 Zutphaniac
1319 1699 1399 1761 (2)

284 1783 421 1828 Nunc
459 1781 644 1841 aliquid
674 1780 929 1826 dicendum
965 1789 1036 1826 est
1083 1780 1142 1825 de
1184 1779 1397 1824 moribus
1442 1776 1553 1825 Gel-

223 1879 398 1908 rorum.
483 1862 609 1923 Quia
666 1870 804 1907 crant
867 1862 1049 1923 origine
1112 1859 1395 1907 Germanica
1444 1873 1555 1902 con-

220 1943 421 1987 veniunt
496 1943 641 1987 etiam
726 1958 833 1986 cum
899 1943 1002 2002 ejus
1084 1941 1291 2002 regionis
1359 1938 1552 1985 ineolis.

222 2022 449 2067 moribus.
527 2022 677 2068 Erant
729 2038 887 2074 acres,
936 2022 1161 2074 audaces,
1210 2021 1399 2071 fideles,
1452 2017 1553 2062 bel-

224 2102 377 2154 licosi,
443 2110 491 2147 et
537 2101 686 2164 periti
728 2101 870 2159 belli3
941 2110 1078 2147 erant
1132 2102 1275 2148 ctiam
1336 2098 1555 2145 ambitio-

225 2182 288 2234 si,
334 2180 573 2234 iracundi,
620 2181 771 2228 veluti
811 2197 998 2242 semper
1044 2188 1155 2226 sunt
1202 2180 1293 2225 viri
1336 2176 1551 2224 audacis-

225 2264 342 2309 simi.

240 2383 709 2402 ......-..—.-....

297 2464 359 2509 (1)
398 2464 536 2500 Caesar
568 2462 613 2497 de
644 2458 750 2497 Bello
781 2456 873 2493 Gall
922 2457 1008 2495 Lib,
1044 2459 1114 2497 IV.
1152 2458 1247 2505 Cap.
1281 2458 1302 2490 4
1341 2462 1375 2491 et
1410 2469 1467 2492 ιο.
1501 2463 1532 2490 ct

244 2525 396 2561 Tacitus
429 2526 524 2563 Hist.
556 2524 643 2561 Lib.
677 2523 730 2562 V.
764 2522 859 2569 Cap.
900 2535 957 2566 19.

296 2591 359 2637 (2)
397 2589 486 2629 Vid.
518 2590 656 2625 Cacsar
691 2587 735 2623 dc
767 2584 862 2624 Bell.
899 2585 1004 2623 Gall.
1037 2585 1120 2622 Lib⁴
1163 2586 1235 2623 IV.
1271 2585 1365 2632 Cap.
1408 2596 1462 2619 κη’.
