1811 3358
813 249 873 297 87

249 383 371 428 Hinc
420 381 479 428 ad
526 381 831 428 Frcdcricum
875 380 954 424 III
998 379 1370 440 Imperatorem,
1413 387 1513 424 tum

185 463 403 508 Treveris
445 470 683 522 agentem,
742 459 986 522 profectus
1047 456 1262 515 Gelriac3
1318 460 1509 504 investi-

186 551 339 588 turam
375 557 474 586 non
520 541 777 585 difficulter
837 538 1122 599 impetravit.
1185 538 1310 582 Hinc
1352 547 1511 583 secuta

185 622 272 666 suh
310 636 483 666 annum
540 620 807 681 proximum
850 618 938 678 qui
990 625 1093 662 erat
1143 614 1266 664 1475
1316 616 1507 662 Novesii

186 699 382 745 obsidio.
456 698 550 745 Ubi
602 713 751 758 quum
801 705 905 742 erat
952 704 1001 741 et
1060 695 1394 741 adventantem
1453 711 1509 740 ex

182 778 381 824 adverso
426 780 760 840 imperatorem
801 778 1124 839 exspectabat,
1179 778 1329 823 missis
1370 792 1510 839 prae-

185 865 259 902 ter
286 866 491 911 ceteros,
527 859 588 903 ad
615 858 923 905 Guilielmum
953 857 1328 918 Egmondanum,
1364 872 1509 917 quem

185 935 375 984 Gelriae
425 938 743 999 praefecerat,
796 938 968 990 literis,
1021 938 1067 983 ei
1112 938 1312 983 militem
1358 936 1513 997 majo-

184 1033 355 1077 resque
403 1020 561 1079 copias
600 1026 654 1062 ut
698 1025 890 1078 cogeret
931 1034 1020 1078 per
1065 1016 1257 1064 Gelriae
1306 1017 1510 1062 ditiones

183 1096 481 1157 impetravit,
534 1112 589 1142 ac
623 1097 836 1141 mitteret
870 1112 1015 1157 quam
1054 1097 1204 1157 possit
1258 1097 1513 1158 expeditis-

185 1178 322 1222 simos
336 1196 347 1234 ;
399 1177 517 1222 haec
567 1176 751 1221 obsidio
816 1176 970 1221 soluta
1029 1184 1101 1221 est
1166 1177 1322 1222 medio
1386 1193 1510 1222 anno

187 1248 322 1303 1476.
389 1256 560 1301 Postea
604 1255 796 1300 Carolus
840 1255 946 1299 Dux
989 1256 1248 1301 exercitum
1291 1257 1420 1302 misit
1461 1257 1511 1301 in

184 1334 494 1396 Lotharingos
545 1341 594 1380 et
643 1334 904 1380 Helvetios.

249 1415 417 1460 Annus
466 1411 587 1461 1477
639 1422 742 1458 erat
792 1415 1012 1458 ultimum
1061 1415 1295 1475 praelium
1345 1422 1512 1463 contra

185 1495 422 1541 Renatum
467 1494 784 1555 Lotharingae
839 1494 1043 1547 Ducem,
1096 1496 1146 1539 in
1193 1511 1291 1555 quo
1344 1495 1511 1539 caede-

182 1575 325 1619 batur
366 1574 721 1634 potentissimus
755 1573 1124 1633 Burgundorum
1167 1575 1389 1635 princeps
1421 1574 1511 1619 Ca-

182 1654 334 1706 rolus,
382 1668 479 1714 quo
526 1651 754 1711 majorem
797 1652 927 1713 apud
963 1653 1146 1698 vicinos
1182 1669 1314 1712 reges
1360 1661 1507 1714 atque

181 1732 384 1792 populos
443 1731 775 1775 auctoritatem
831 1732 925 1776 hoc
976 1739 1191 1792 tempore
1234 1748 1373 1777 nemo
1426 1732 1513 1777 ha-

183 1809 301 1855 buit.
369 1810 438 1855 De
479 1816 632 1854 morte
673 1809 774 1869 ejus
800 1810 939 1854 multi
978 1810 1166 1855 diverse
1202 1813 1508 1871 scripserunt.

248 1887 410 1941 Gelri‚
446 1896 635 1933 mortuo
681 1896 775 1933 tam
805 1889 994 1949 potenti
1036 1890 1279 1951 principe,
1314 1890 1511 1938 Comitia

181 1967 419 2029 extemplo
479 1967 751 2027 iterumque
797 1967 1021 2029 Neomagi
1072 1969 1401 2023 celebrarunt,
1462 1971 1513 2016 in

183 2045 357 2105 quibus
418 2045 741 2090 communibus
799 2047 1009 2090 omnium
1060 2047 1294 2109 suffragiis
1346 2048 1514 2094 decre-

183 2131 377 2176 verunt,
430 2140 477 2169 se
525 2122 803 2183 Adolphum
854 2122 1045 2169 Gelriae
1098 2126 1278 2171 Ducem
1325 2145 1381 2174 ac
1422 2130 1509 2175 Co-

181 2203 345 2247 mitem
393 2203 689 2264 Zutphaniae
743 2219 909 2248 verum
957 2220 1011 2249 ac
1058 2206 1323 2267 legitimum
1374 2227 1510 2257 suum

183 2281 426 2325 dominum
457 2297 740 2342 agnoscere,
792 2289 875 2326 aut
919 2298 975 2327 eo
1011 2282 1263 2332 deficiente
1310 2290 1388 2334 vel
1417 2291 1509 2336 de-

184 2359 374 2412 functo,
406 2361 492 2420 qui
528 2367 684 2405 essent
708 2360 938 2405 haeredes
970 2363 1014 2406 ei
1048 2365 1262 2424 proximi.
1314 2368 1508 2416 Interea

185 2438 325 2484 rebus
358 2447 581 2500 praeerat
612 2440 865 2485 Catharina
914 2458 1048 2489 soror
1083 2444 1308 2506 Adolphi.
1359 2448 1510 2495 Adol-

185 2517 330 2576 phus,
375 2522 459 2579 qui
507 2520 601 2564 huc
636 2536 787 2580 usque
824 2520 980 2565 Caroli
1025 2523 1245 2570 mandato
1296 2531 1510 2590 captivus

182 2610 236 2640 ac
274 2613 462 2644 carcere
493 2600 702 2646 inclusus
737 2600 960 2657 Contraci
990 2602 1165 2654 suerat,
1213 2622 1237 2649 a
1270 2607 1504 2660 flandris,
