1811 3358
839 199 902 248 40⁹

201 329 348 378 amice
384 340 439 376 ac
473 330 735 376 honorifice
778 332 883 378 vale
923 329 1038 378 dixit
1080 331 1278 378 Caesari.
1345 328 1404 380 Et
1434 352 1524 398 per

202 412 505 460 Germaniam
530 410 790 457 secundum
828 411 1049 457 Rhenum
1075 410 1135 456 ad
1166 426 1273 455 suos
1304 410 1532 461 devectus

203 500 523 554 receptusque
558 507 666 536 cum
695 491 907 536 omnium
937 490 1108 553 gaudio
1140 491 1416 537 eorumdem
1435 528 1445 546 ‚
1471 494 1532 540 de

198 571 533 618 Leodiensium
581 571 857 623 insolentia,
925 571 1245 631 querimonias
1308 588 1540 633 praesensv

197 651 445 697 intellexit.
515 651 675 712 Igitur
726 650 924 695 cohorte
990 651 1193 695 militum
1248 651 1534 698 selectorum

202 732 434 777 instructa
464 730 692 777 adversus
727 745 807 776 eos
836 730 1083 792 profectus
1112 739 1213 784 est,
1261 731 1416 792 iisque
1453 738 1545 777 oc-·'

199 813 355 858 currit
396 811 525 858 haud
560 811 732 872 procul
769 811 992 870 Trajecto
1040 811 1100 856 ad
1142 812 1319 856 Mosam
1353 811 1413 856 ad
1443 825 1530 873 pa·-

197 906 308 952 gum
342 892 419 936 cui
453 890 642 936 Hasselt
677 890 775 933 sive
812 889 1025 935 Hoeffelt
1060 906 1246 935 nomen.
1314 892 1531 937 Tradunt

198 971 481 1030 scriptores,
512 970 842 1015 Leodiensium
867 971 1219 1016 multitudinem
1247 971 1404 1018 Gclris
1439 973 1533 1018 du-

196 1048 278 1110 plo
321 1047 668 1110 propemodum
716 1046 859 1091 fuisse
907 1047 1148 1107 majorem.

261 1129 451 1174 Stridor
491 1128 604 1173 hinc
640 1129 803 1188 ingens
842 1144 896 1172 ac
937 1130 1129 1189 clangor
1173 1145 1413 1175 armorum
1448 1147 1530 1175 aua

200 1207 353 1261 ditus,
399 1208 641 1268 tubaeque
689 1223 885 1253 raucum
924 1208 1222 1260 insonantes,
1271 1210 1384 1255 dum
1428 1219 1536 1256 tan-⁴

197 1288 330 1341 dem,
392 1297 604 1334 cessante
661 1290 905 1349 utrimque
963 1292 1277 1350 pugnantium
1327 1292 1542 1344 ardorc‚·

197 1378 376 1431 strages
418 1370 582 1430 ingens
626 1368 865 1429 apparuit.
940 1368 1056 1413 Nam
1100 1369 1212 1414 alibi
1258 1371 1388 1415 vivos
1430 1388 1531 1416 ma-

195 1466 287 1513 gno
330 1466 529 1495 numero
573 1449 748 1494 abduci
794 1449 1036 1508 captivos,
1085 1449 1198 1493 alibi
1245 1450 1528 1496 cadaverum

195 1547 392 1578 acervos
431 1529 595 1575 videre
632 1537 760 1580 crat,
817 1529 1083 1588 audireque
1127 1530 1403 1575 lactantium
1456 1533 1529 1576 lua

192 1613 501 1674 gentiumque
536 1609 747 1654 dissonas
781 1624 931 1653 voces.
999 1609 1303 1669 Propius-que
1340 1611 1526 1671 inspee-

191 1701 242 1738 ta
278 1708 330 1737 re
373 1691 670 1736 intellectum
713 1689 828 1734 susis
876 1705 930 1734 ac
973 1690 1147 1750 sugatis
1183 1689 1523 1736 Lcodicnsibus

191 1789 219 1818 a
261 1778 399 1833 parte
451 1769 710 1817 Gclrorum
763 1769 1013 1814 victoriam
1058 1771 1254 1815 stetisse.
1323 1771 1382 1815 In
1429 1788 1527 1817 me-

190 1851 390 1896 moriam
428 1850 571 1910 hujus
618 1847 791 1909 praelii
837 1847 1082 1892 conditum
1127 1856 1198 1893 cst
1243 1849 1525 1894 coenobium

190 1932 496 1977 Monichusae
531 1945 683 1991 prope
711 1927 1029 1979 Arnhemum,
1065 1928 1329 1987 praemium
1364 1931 1525 1975 auxilii

189 2010 452 2058 Reinaldus
490 2007 684 2053 seudum
721 2006 907 2066 accepit
937 2005 997 2050 ab
1032 2006 1254 2067 episcopo
1290 2008 1523 2054 Leodien-

191 2092 232 2137 si
266 2091 510 2137 civitatem
545 2087 843 2134 Mechlinam.
913 2087 1182 2147 Scriptores
1217 2096 1377 2133 autem
1410 2089 1526 2134 Bra·

188 2172 371 2219 bantici
414 2170 583 2216 dicunt
626 2185 729 2214 eam
777 2168 948 2214 urbem
991 2184 1088 2212 non
1137 2168 1279 2214 fuisse
1328 2169 1524 2215 seudum

190 2254 274 2300 sed
309 2253 481 2315 pignus
528 2265 617 2311 pro
670 2248 829 2295 12000
871 2248 1165 2310 ponderibus
1223 2266 1346 2310 quac
1399 2265 1522 2295 anno

193 2332 318 2380 1330
362 2331 559 2377 suerunt
601 2329 754 2374 soluta
802 2329 880 2389 (1).

255 2414 501 2460 Comitissa
543 2409 720 2472 Sophia
766 2417 954 2453 mortua
1004 2418 1072 2454 cst
1113 2411 1187 2455 dic
1227 2410 1255 2456 3
1291 2409 1402 2469 Maji
1439 2427 1520 2455 ουΕ

261 2587 324 2634 (ι)
353 2586 444 2625 Vid.
473 2587 639 2623 Butkens
669 2584 868 2634 Tropllecs
897 2585 939 2620 (lc
970 2583 1080 2622 mab„
1114 2587 1144 2621 1.
1176 2588 1268 2631 385,
1302 2589 1388 2622 swa.
