1811 3358
868 282 952 326 111

244 412 383 473 longe
431 413 554 457 infra
589 411 836 456 dimidium
884 413 984 456 veri
1031 421 1076 458 et
1114 413 1233 471 justi
1268 413 1433 472 pretii,
1477 428 1563 457 nec

239 491 438 543 cedens,
475 506 564 535 nec
596 491 720 534 illius
752 489 951 535 heredes
988 490 1271 535 tenebantur
1307 493 1562 536 cessionem

241 571 506 616 observare.
587 570 702 614 Nam
755 587 901 615 unum
955 572 1150 632 aliquod
1209 571 1435 632 oppidum
1483 579 1565 617 aut

241 664 382 693 unam
420 649 776 709 praefecturam
808 666 970 695 earum
1006 651 1240 695 ditionum
1275 651 1381 711 plus
1406 650 1563 695 valere

241 743 386 787 quam
424 729 632 787 pretium
675 729 806 788 quod
853 730 1101 775 dicebatur
1146 738 1458 776 numeratum.

305 806 430 850 Huic
474 806 734 866 objectioni
786 810 1125 869 respondentes
1163 810 1300 855 facile
1343 809 1566 860 fatemur,

240 885 475 929 Ducatum
521 884 711 932 Gelriae
748 894 797 931 et
831 886 1117 933 Comitatum
1152 888 1448 949 Zutphaniae
1472 904 1569 932 ma-

240 962 361 1022 joris
404 963 545 1008 fuisse
599 965 745 1025 pretii
787 981 930 1024 quam
965 967 1202 1027 octaginta
1244 968 1392 1013 millia
1424 967 1569 1012 flore-

239 1057 411 1086 norum
457 1043 811 1094 Rhenensium,
869 1043 1000 1102 quod
1060 1044 1151 1089 fuit
1204 1048 1411 1105 pretium
1457 1062 1567 1106 pac-

243 1128 371 1172 tum,
407 1128 455 1166 et
497 1121 619 1165 Duci
653 1120 868 1168 Gerardo
916 1139 1012 1170 non
1054 1124 1176 1169 bene
1209 1125 1350 1170 fuisse
1382 1125 1569 1169 consul·

244 1208 345 1245 tum
364 1235 373 1252 ‚
403 1200 441 1244 si
477 1200 576 1260 ipse
613 1201 837 1252 existens,
875 1202 925 1245 in
955 1219 1069 1247 vcra
1097 1204 1296 1263 pacifica
1323 1213 1371 1250 et
1404 1206 1571 1264 quieta

246 1280 570 1340 possessione,
625 1296 714 1340 pro
759 1282 947 1325 tantillo
994 1284 1153 1342 pretio
1202 1300 1281 1328 eos
1323 1284 1571 1330 vendidis-

241 1366 337 1411 set,
384 1373 490 1402 cum
521 1357 762 1403 Arnoldus
794 1359 1124 1420 Egmondanus
1159 1362 1297 1424 longe
1331 1366 1439 1426 plus
1479 1381 1568 1426 pro

243 1453 328 1498 suo
357 1437 499 1497 jure,
533 1437 664 1496 quod
699 1437 876 1482 habere
903 1440 1102 1499 putabat
1135 1441 1186 1486 in
1227 1458 1302 1487 eas
1333 1443 1536 1489 ditiones
1556 1479 1566 1497 ,

243 1517 516 1578 accepisset.
584 1517 677 1562 Sed
703 1533 853 1578 quum
881 1518 985 1564 Dux
1033 1519 1274 1567 Gerardus
1311 1538 1570 1584 numquam

244 1596 486 1642 habuisset
502 1612 662 1642 veram
691 1599 1033 1657 possessionem
1064 1601 1167 1660 ejus
1181 1602 1389 1646 Ducatus
1416 1611 1464 1648 et
1481 1602 1569 1648 Co-

241 1676 453 1728 mitatus,
485 1691 643 1736 neque
661 1677 808 1721 ullam
828 1677 951 1722 viam
978 1685 1060 1723 aut
1079 1680 1311 1724 rationem
1331 1681 1540 1728 scivisset
1559 1718 1569 1735 ,

241 1754 420 1814 quibus
440 1754 500 1799 ad
529 1754 744 1814 quietam
773 1755 964 1800 inorum
988 1759 1330 1817 possessionem
1360 1769 1408 1806 et
1437 1761 1570 1807 fruc-

247 1841 348 1878 tum
377 1835 679 1895 perveniret,
728 1835 911 1895 quippe
945 1838 1031 1896 qui
1057 1851 1157 1882 non
1189 1846 1312 1883 esset
1346 1840 1456 1885 satis
1484 1857 1574 1901 po-

245 1922 375 1967 tens,
410 1915 807 1975 quamadmodum
845 1917 946 1976 ipse
994 1918 1043 1960 in
1086 1917 1180 1961 suis
1213 1918 1367 1964 literis
1398 1921 1569 1966 cessio-

240 1993 317 2038 nis
350 1993 554 2047 fatetur,
591 1994 652 2040 ad
687 2011 766 2040 eos
796 1995 1092 2056 principatu-⁶
1130 1996 1179 2041 vi
1213 2005 1262 2042 et
1289 1999 1428 2044 armis
1464 2001 1568 2045 vin-

245 2071 469 2118 dicandos
520 2081 568 2119 et
607 2075 985 2135 recuperandos;
1037 2076 1255 2136 sequitur
1303 2077 1427 2124 hanc
1471 2096 1570 2126 ces·-

246 2152 427 2196 sionem
463 2152 523 2198 ob
556 2152 704 2213 pretii
752 2153 1033 2197 tenuitatem
1066 2169 1162 2198 non
1208 2170 1344 2215 posse
1388 2156 1483 2203 dici
1508 2160 1570 2204 si-

247 2231 494 2282 mulatam,
527 2239 609 2276 aut
645 2231 821 2275 nullam
841 2265 851 2282 ,
883 2238 965 2275 aut
1004 2231 1065 2276 ob
1100 2248 1201 2277 eam
1235 2251 1420 2282 causam
1467 2255 1569 2285 res-

244 2309 375 2355 cindi
414 2311 636 2371 potuisse.
703 2309 858 2355 Etiam
893 2311 942 2354 in
972 2311 1122 2356 literis
1151 2312 1293 2368 dixit,
1328 2318 1454 2363 »Pro
1490 2335 1569 2364 oc·-

246 2389 462 2450 »toginta
504 2389 652 2432 millia
685 2387 977 2433 florenorum
1010 2391 1332 2438 Rhenensium
1366 2412 1567 2452 summa,

249 2469 415 2515 »nobis
448 2486 535 2532 per
578 2469 758 2514 dictum
803 2469 1023 2516 Carolum
1072 2474 1280 2534 legitime
1332 2479 1568 2532 exsoluta,

250 2555 330 2591 »et
367 2548 424 2594 dc
472 2567 566 2611 qua
592 2568 675 2597 nos
710 2561 920 2598 tenemus
951 2572 1040 2615 pro
1080 2560 1311 2604 contentis
1343 2568 1390 2605 et
1435 2563 1568 2608 satis-

248 2647 266 2669 ι,
283 2626 425 2674 sactis.
442 2630 466 2648 ”
