<?xml version="1.0" encoding="UTF-8"?>
<!DOCTYPE html PUBLIC "-//W3C//DTD XHTML 1.0 Transitional//EN"
    "http://www.w3.org/TR/xhtml1/DTD/xhtml1-transitional.dtd">
<html xmlns="http://www.w3.org/1999/xhtml" xml:lang="en" lang="en">
 <head>
  <title>
</title>
<meta http-equiv="Content-Type" content="text/html;charset=utf-8" />
  <meta name='ocr-system' content='tesseract 3.04.00' />
  <meta name='ocr-capabilities' content='ocr_page ocr_carea ocr_par ocr_line ocrx_word'/>
</head>
<body>
  <div class='ocr_page' id='page_1' title='image "./dissertatiohisto00thye_0055.png"; bbox 0 0 1811 3358; ppageno 0'>
   <div class='ocr_carea' id='block_1_1' title="bbox 848 233 909 279">
    <p class='ocr_par' dir='ltr' id='par_1_1' title="bbox 848 233 909 279">
     <span class='ocr_line' id='line_1_1' title="bbox 848 233 909 279; baseline 0.016 -1"><span class='ocrx_word' id='word_1_1' title='bbox 848 233 909 279; x_wconf 74' lang='lat'>45</span> 
     </span>
    </p>
   </div>
   <div class='ocr_carea' id='block_1_2' title="bbox 220 361 1561 2410">
    <p class='ocr_par' dir='ltr' id='par_1_2' title="bbox 220 361 1550 590">
     <span class='ocr_line' id='line_1_2' title="bbox 221 361 1547 428; baseline -0.003 -14"><span class='ocrx_word' id='word_1_2' title='bbox 221 383 281 413; x_wconf 90' lang='lat' dir='ltr'>ne</span> <span class='ocrx_word' id='word_1_3' title='bbox 333 367 527 413; x_wconf 84' lang='lat' dir='ltr'>arcendi</span> <span class='ocrx_word' id='word_1_4' title='bbox 563 365 642 428; x_wconf 87' lang='lat'>(1).</span> <span class='ocrx_word' id='word_1_5' title='bbox 709 365 841 410; x_wconf 86' lang='lat' dir='ltr'>Initu</span> <span class='ocrx_word' id='word_1_6' title='bbox 889 365 999 409; x_wconf 86' lang='lat' dir='ltr'>anni</span> <span class='ocrx_word' id='word_1_7' title='bbox 1037 361 1161 409; x_wconf 85' lang='grc'>1340</span> <span class='ocrx_word' id='word_1_8' title='bbox 1194 363 1371 408; x_wconf 88' lang='lat' dir='ltr'>bellum</span> <span class='ocrx_word' id='word_1_9' title='bbox 1407 366 1547 425; x_wconf 84' lang='lat' dir='ltr'><strong>gessit</strong></span> 
     </span>
     <span class='ocr_line' id='line_1_3' title="bbox 223 443 1546 505; baseline -0.002 -13"><span class='ocrx_word' id='word_1_10' title='bbox 223 463 329 492; x_wconf 87' lang='lat' dir='ltr'>cum</span> <span class='ocrx_word' id='word_1_11' title='bbox 372 446 594 492; x_wconf 84' lang='lat' dir='ltr'>Eduardo</span> <span class='ocrx_word' id='word_1_12' title='bbox 637 461 746 505; x_wconf 81' lang='lat' dir='ltr'>rege</span> <span class='ocrx_word' id='word_1_13' title='bbox 795 444 996 503; x_wconf 84' lang='lat' dir='ltr'>Angliae</span> <span class='ocrx_word' id='word_1_14' title='bbox 1045 450 1212 487; x_wconf 87' lang='lat' dir='ltr'>eontra</span> <span class='ocrx_word' id='word_1_15' title='bbox 1259 443 1461 489; x_wconf 87' lang='lat' dir='ltr'>Francos</span> <span class='ocrx_word' id='word_1_16' title='bbox 1496 452 1546 489; x_wconf 87' lang='lat' dir='ltr'>ct</span> 
     </span>
     <span class='ocr_line' id='line_1_4' title="bbox 220 523 1550 590; baseline -0.004 -16"><span class='ocrx_word' id='word_1_17' title='bbox 220 537 387 590; x_wconf 86' lang='lat' dir='ltr'>postea</span> <span class='ocrx_word' id='word_1_18' title='bbox 419 526 678 574; x_wconf 85' lang='lat' dir='ltr'>Reinaldus</span> <span class='ocrx_word' id='word_1_19' title='bbox 714 526 848 571; x_wconf 86' lang='lat' dir='ltr'>sactis</span> <span class='ocrx_word' id='word_1_20' title='bbox 891 525 1116 577; x_wconf 84' lang='lat' dir='ltr'>induciis,</span> <span class='ocrx_word' id='word_1_21' title='bbox 1166 524 1359 569; x_wconf 91' lang='lat' dir='ltr'>domum</span> <span class='ocrx_word' id='word_1_22' title='bbox 1393 523 1550 569; x_wconf 85' lang='lat' dir='ltr'>rediit.</span> 
     </span>
    </p>

    <p class='ocr_par' dir='ltr' id='par_1_3' title="bbox 224 602 1558 1298">
     <span class='ocr_line' id='line_1_5' title="bbox 286 602 1550 653; baseline -0.006 -1"><span class='ocrx_word' id='word_1_23' title='bbox 286 608 391 653; x_wconf 90' lang='lat' dir='ltr'>Non</span> <span class='ocrx_word' id='word_1_24' title='bbox 430 614 613 651; x_wconf 82' lang='lat' dir='ltr'>constat</span> <span class='ocrx_word' id='word_1_25' title='bbox 655 613 817 650; x_wconf 88' lang='lat' dir='ltr'>utrum</span> <span class='ocrx_word' id='word_1_26' title='bbox 852 605 902 649; x_wconf 91' lang='lat' dir='ltr'>in</span> <span class='ocrx_word' id='word_1_27' title='bbox 939 605 1101 650; x_wconf 87' lang='lat' dir='ltr'>castris</span> <span class='ocrx_word' id='word_1_28' title='bbox 1133 619 1193 648; x_wconf 86' lang='lat' dir='ltr'>an</span> <span class='ocrx_word' id='word_1_29' title='bbox 1223 618 1337 647; x_wconf 88' lang='lat' dir='ltr'>vero</span> <span class='ocrx_word' id='word_1_30' title='bbox 1373 602 1422 646; x_wconf 91' lang='lat' dir='ltr'>in</span> <span class='ocrx_word' id='word_1_31' title='bbox 1452 602 1550 646; x_wconf 90' lang='lat' dir='ltr'>Du-</span> 
     </span>
     <span class='ocr_line' id='line_1_6' title="bbox 224 681 1550 745; baseline -0.004 -15"><span class='ocrx_word' id='word_1_32' title='bbox 224 694 333 731; x_wconf 86' lang='lat' dir='ltr'>eatu</span> <span class='ocrx_word' id='word_1_33' title='bbox 359 686 488 745; x_wconf 80' lang='lat' dir='ltr'>ipse,</span> <span class='ocrx_word' id='word_1_34' title='bbox 526 684 664 728; x_wconf 91' lang='lat' dir='ltr'>domo</span> <span class='ocrx_word' id='word_1_35' title='bbox 697 699 780 728; x_wconf 82' lang='lat' dir='ltr'>sua</span> <span class='ocrx_word' id='word_1_36' title='bbox 814 682 1072 743; x_wconf 84' lang='lat' dir='ltr'>signaverit</span> <span class='ocrx_word' id='word_1_37' title='bbox 1098 697 1174 726; x_wconf 86' lang='lat' dir='ltr'>eas</span> <span class='ocrx_word' id='word_1_38' title='bbox 1204 681 1391 734; x_wconf 83' lang='lat' dir='ltr'><strong>literas,</strong></span> <span class='ocrx_word' id='word_1_39' title='bbox 1426 696 1550 740; x_wconf 83' lang='lat' dir='ltr'>quae</span> 
     </span>
     <span class='ocr_line' id='line_1_7' title="bbox 228 759 1554 819; baseline -0.005 -10"><span class='ocrx_word' id='word_1_40' title='bbox 228 766 278 809; x_wconf 86' lang='lat' dir='ltr'>in</span> <span class='ocrx_word' id='word_1_41' title='bbox 321 763 544 810; x_wconf 87' lang='lat' dir='ltr'>Archivis</span> <span class='ocrx_word' id='word_1_42' title='bbox 590 762 649 807; x_wconf 82' lang='lat' dir='ltr'>ad</span> <span class='ocrx_word' id='word_1_43' title='bbox 691 777 856 806; x_wconf 85' lang='lat' dir='ltr'>manus</span> <span class='ocrx_word' id='word_1_44' title='bbox 900 768 1032 812; x_wconf 85' lang='lat' dir='ltr'>sunt,</span> <span class='ocrx_word' id='word_1_45' title='bbox 1082 759 1256 819; x_wconf 87' lang='lat' dir='ltr'>quibus</span> <span class='ocrx_word' id='word_1_46' title='bbox 1287 759 1554 805; x_wconf 84' lang='lat' dir='ltr'>Batavadu-</span> 
     </span>
     <span class='ocr_line' id='line_1_8' title="bbox 224 838 1554 905; baseline -0.005 -16"><span class='ocrx_word' id='word_1_47' title='bbox 224 860 331 889; x_wconf 87' lang='lat' dir='ltr'>rum</span> <span class='ocrx_word' id='word_1_48' title='bbox 382 844 533 905; x_wconf 86' lang='lat' dir='ltr'>(nune</span> <span class='ocrx_word' id='word_1_49' title='bbox 575 841 736 903; x_wconf 77' lang='lat' dir='ltr'>Wyek</span> <span class='ocrx_word' id='word_1_50' title='bbox 770 841 831 901; x_wconf 86' lang='lat' dir='ltr'>bij</span> <span class='ocrx_word' id='word_1_51' title='bbox 870 840 1167 900; x_wconf 84' lang='lat' dir='ltr'>Duurstede)</span> <span class='ocrx_word' id='word_1_52' title='bbox 1205 839 1417 885; x_wconf 86' lang='lat' dir='ltr'>Suedero</span> <span class='ocrx_word' id='word_1_53' title='bbox 1452 838 1554 883; x_wconf 90' lang='lat' dir='ltr'>Ab-</span> 
     </span>
     <span class='ocr_line' id='line_1_9' title="bbox 225 919 1556 981; baseline -0.004 -13"><span class='ocrx_word' id='word_1_54' title='bbox 225 923 405 969; x_wconf 86' lang='lat' dir='ltr'>coudae</span> <span class='ocrx_word' id='word_1_55' title='bbox 448 922 650 967; x_wconf 88' lang='lat' dir='ltr'>Domino</span> <span class='ocrx_word' id='word_1_56' title='bbox 696 937 804 967; x_wconf 90' lang='lat' dir='ltr'>eum</span> <span class='ocrx_word' id='word_1_57' title='bbox 846 921 902 965; x_wconf 87' lang='lat' dir='ltr'>iis</span> <span class='ocrx_word' id='word_1_58' title='bbox 943 937 1067 981; x_wconf 83' lang='lat' dir='ltr'>quae</span> <span class='ocrx_word' id='word_1_59' title='bbox 1111 920 1172 965; x_wconf 88' lang='lat' dir='ltr'>ad</span> <span class='ocrx_word' id='word_1_60' title='bbox 1217 920 1346 964; x_wconf 90' lang='lat' dir='ltr'>hunc</span> <span class='ocrx_word' id='word_1_61' title='bbox 1387 919 1556 963; x_wconf 87' lang='lat' dir='ltr'>urbem</span> 
     </span>
     <span class='ocr_line' id='line_1_10' title="bbox 225 999 1554 1065; baseline -0.004 -18"><span class='ocrx_word' id='word_1_62' title='bbox 225 1001 535 1065; x_wconf 81' lang='lat' dir='ltr'>pertinebant</span> <span class='ocrx_word' id='word_1_63' title='bbox 579 1001 711 1046; x_wconf 88' lang='lat' dir='ltr'>feudi</span> <span class='ocrx_word' id='word_1_64' title='bbox 754 1001 945 1044; x_wconf 89' lang='lat' dir='ltr'>nomine</span> <span class='ocrx_word' id='word_1_65' title='bbox 983 1016 1037 1044; x_wconf 88' lang='lat' dir='ltr'>ac</span> <span class='ocrx_word' id='word_1_66' title='bbox 1071 1000 1186 1045; x_wconf 90' lang='lat' dir='ltr'>Jure</span> <span class='ocrx_word' id='word_1_67' title='bbox 1232 999 1554 1060; x_wconf 84' lang='lat' dir='ltr'>Zutphanico‚</span> 
     </span>
     <span class='ocr_line' id='line_1_11' title="bbox 225 1077 1558 1141; baseline -0.003 -15"><span class='ocrx_word' id='word_1_68' title='bbox 225 1082 278 1126; x_wconf 88' lang='lat' dir='ltr'>in</span> <span class='ocrx_word' id='word_1_69' title='bbox 337 1087 625 1141; x_wconf 87' lang='lat' dir='ltr'>pespetuum</span> <span class='ocrx_word' id='word_1_70' title='bbox 683 1077 1021 1139; x_wconf 88' lang='lat' dir='ltr'>possidendum</span> <span class='ocrx_word' id='word_1_71' title='bbox 1076 1078 1353 1138; x_wconf 83' lang='lat' dir='ltr'>obsignavit.</span> <span class='ocrx_word' id='word_1_72' title='bbox 1432 1078 1558 1122; x_wconf 85' lang='lat' dir='ltr'>Hinc</span> 
     </span>
     <span class='ocr_line' id='line_1_12' title="bbox 229 1157 1555 1205; baseline -0.002 0"><span class='ocrx_word' id='word_1_73' title='bbox 229 1160 495 1205; x_wconf 82' lang='lat' dir='ltr'>Suederurn</span> <span class='ocrx_word' id='word_1_74' title='bbox 562 1157 823 1202; x_wconf 70' lang='lat' dir='ltr'>Reinaldus</span> <span class='ocrx_word' id='word_1_75' title='bbox 902 1157 1045 1201; x_wconf 86' lang='lat' dir='ltr'>etiam</span> <span class='ocrx_word' id='word_1_76' title='bbox 1108 1157 1365 1201; x_wconf 87' lang='lat' dir='ltr'>immunem</span> <span class='ocrx_word' id='word_1_77' title='bbox 1427 1157 1555 1202; x_wconf 85' lang='lat' dir='ltr'>fecit.</span> 
     </span>
     <span class='ocr_line' id='line_1_13' title="bbox 227 1235 1062 1298; baseline -0.004 -15"><span class='ocrx_word' id='word_1_78' title='bbox 227 1238 462 1298; x_wconf 78' lang='lat' dir='ltr'>vectigali</span> <span class='ocrx_word' id='word_1_79' title='bbox 506 1236 771 1282; x_wconf 84' lang='lat' dir='ltr'>Lobedensi</span> <span class='ocrx_word' id='word_1_80' title='bbox 824 1235 1062 1281; x_wconf 88' lang='lat' dir='ltr'>solvendo.</span> 
     </span>
    </p>

    <p class='ocr_par' dir='ltr' id='par_1_4' title="bbox 225 1314 1559 1693">
     <span class='ocr_line' id='line_1_14' title="bbox 291 1314 1558 1376; baseline -0.003 -13"><span class='ocrx_word' id='word_1_81' title='bbox 291 1317 434 1363; x_wconf 90' lang='lat' dir='ltr'>Anno</span> <span class='ocrx_word' id='word_1_82' title='bbox 474 1314 597 1363; x_wconf 80' lang='grc'><strong>1343</strong></span> <span class='ocrx_word' id='word_1_83' title='bbox 623 1333 650 1361; x_wconf 86' lang='lat' dir='ltr'>a</span> <span class='ocrx_word' id='word_1_84' title='bbox 680 1316 910 1361; x_wconf 88' lang='lat' dir='ltr'>Pontiflce</span> <span class='ocrx_word' id='word_1_85' title='bbox 941 1315 1201 1361; x_wconf 89' lang='lat' dir='ltr'>Benedicto</span> <span class='ocrx_word' id='word_1_86' title='bbox 1240 1315 1336 1361; x_wconf 93' lang='lat' dir='ltr'>XII</span> <span class='ocrx_word' id='word_1_87' title='bbox 1363 1314 1558 1376; x_wconf 88' lang='lat' dir='ltr'>Episco-</span> 
     </span>
     <span class='ocr_line' id='line_1_15' title="bbox 231 1394 1556 1456; baseline 0.002 -18"><span class='ocrx_word' id='word_1_88' title='bbox 231 1410 322 1456; x_wconf 91' lang='lat' dir='ltr'>pus</span> <span class='ocrx_word' id='word_1_89' title='bbox 347 1394 709 1454; x_wconf 83' lang='lat' dir='ltr'>Ultrajeetensis</span> <span class='ocrx_word' id='word_1_90' title='bbox 745 1395 924 1440; x_wconf 87' lang='lat' dir='ltr'>electus</span> <span class='ocrx_word' id='word_1_91' title='bbox 955 1403 1026 1439; x_wconf 88' lang='lat' dir='ltr'>est</span> <span class='ocrx_word' id='word_1_92' title='bbox 1066 1395 1284 1440; x_wconf 79' lang='lat' dir='ltr'>Nicolaus</span> <span class='ocrx_word' id='word_1_93' title='bbox 1310 1395 1556 1456; x_wconf 85' lang='lat' dir='ltr'>Caputius,</span> 
     </span>
     <span class='ocr_line' id='line_1_16' title="bbox 228 1474 1558 1535; baseline 0 -15"><span class='ocrx_word' id='word_1_94' title='bbox 228 1475 316 1535; x_wconf 80' lang='lat' dir='ltr'>qui</span> <span class='ocrx_word' id='word_1_95' title='bbox 353 1475 492 1520; x_wconf 91' lang='lat' dir='ltr'>initio</span> <span class='ocrx_word' id='word_1_96' title='bbox 550 1474 684 1535; x_wconf 84' lang='lat' dir='ltr'>regni</span> <span class='ocrx_word' id='word_1_97' title='bbox 726 1474 952 1519; x_wconf 85' lang='lat' dir='ltr'>liberavit</span> <span class='ocrx_word' id='word_1_98' title='bbox 1004 1474 1095 1518; x_wconf 90' lang='lat' dir='ltr'>hoc</span> <span class='ocrx_word' id='word_1_99' title='bbox 1146 1490 1255 1518; x_wconf 88' lang='lat' dir='ltr'>aere</span> <span class='ocrx_word' id='word_1_100' title='bbox 1316 1474 1558 1520; x_wconf 78' lang='lat' dir='ltr'>dioecesin</span> 
     </span>
     <span class='ocr_line' id='line_1_17' title="bbox 228 1554 1559 1606; baseline -0.001 -5"><span class='ocrx_word' id='word_1_101' title='bbox 228 1555 531 1606; x_wconf 85' lang='lat' dir='ltr'>Areuleiam,</span> <span class='ocrx_word' id='word_1_102' title='bbox 581 1554 818 1599; x_wconf 88' lang='lat' dir='ltr'>efficiente</span> <span class='ocrx_word' id='word_1_103' title='bbox 864 1563 919 1599; x_wconf 88' lang='lat' dir='ltr'>ut</span> <span class='ocrx_word' id='word_1_104' title='bbox 956 1554 1176 1598; x_wconf 84' lang='lat' dir='ltr'>nonnulli</span> <span class='ocrx_word' id='word_1_105' title='bbox 1225 1554 1391 1600; x_wconf 85' lang='lat' dir='ltr'>dicunt</span> <span class='ocrx_word' id='word_1_106' title='bbox 1433 1572 1559 1600; x_wconf 84' lang='lat' dir='ltr'>sum-</span> 
     </span>
     <span class='ocr_line' id='line_1_18' title="bbox 225 1631 1492 1693; baseline -0.003 -11"><span class='ocrx_word' id='word_1_107' title='bbox 225 1651 353 1681; x_wconf 87' lang='lat' dir='ltr'>mam</span> <span class='ocrx_word' id='word_1_108' title='bbox 387 1633 551 1681; x_wconf 87' lang='grc'>60000</span> <span class='ocrx_word' id='word_1_109' title='bbox 585 1631 862 1686; x_wconf 88' lang='lat' dir='ltr'>Gelrorum,</span> <span class='ocrx_word' id='word_1_110' title='bbox 914 1647 1036 1693; x_wconf 90' lang='lat' dir='ltr'>quos</span> <span class='ocrx_word' id='word_1_111' title='bbox 1062 1639 1257 1684; x_wconf 80' lang='lat' dir='ltr'>vocant,</span> <span class='ocrx_word' id='word_1_112' title='bbox 1291 1633 1492 1693; x_wconf 81' lang='lat' dir='ltr'>equites.</span> 
     </span>
    </p>

    <p class='ocr_par' dir='ltr' id='par_1_5' title="bbox 228 1711 1561 2091">
     <span class='ocr_line' id='line_1_19' title="bbox 294 1711 1556 1770; baseline 0.002 -14"><span class='ocrx_word' id='word_1_113' title='bbox 294 1711 437 1757; x_wconf 88' lang='lat' dir='ltr'>Anno</span> <span class='ocrx_word' id='word_1_114' title='bbox 468 1718 698 1770; x_wconf 89' lang='lat' dir='ltr'>sequente</span> <span class='ocrx_word' id='word_1_115' title='bbox 731 1718 948 1755; x_wconf 85' lang='lat' dir='ltr'>mortuus</span> <span class='ocrx_word' id='word_1_116' title='bbox 985 1718 1057 1755; x_wconf 89' lang='lat' dir='ltr'>est</span> <span class='ocrx_word' id='word_1_117' title='bbox 1090 1711 1378 1764; x_wconf 87' lang='lat' dir='ltr'>Reinaldus,</span> <span class='ocrx_word' id='word_1_118' title='bbox 1412 1715 1556 1759; x_wconf 86' lang='lat' dir='ltr'>relin-</span> 
     </span>
     <span class='ocr_line' id='line_1_20' title="bbox 230 1787 1561 1854; baseline -0.001 -17"><span class='ocrx_word' id='word_1_119' title='bbox 230 1807 383 1854; x_wconf 90' lang='lat' dir='ltr'>quens</span> <span class='ocrx_word' id='word_1_120' title='bbox 425 1789 543 1833; x_wconf 87' lang='lat' dir='ltr'>duos</span> <span class='ocrx_word' id='word_1_121' title='bbox 587 1787 709 1832; x_wconf 90' lang='lat' dir='ltr'>filios</span> <span class='ocrx_word' id='word_1_122' title='bbox 761 1787 1045 1833; x_wconf 86' lang='lat' dir='ltr'>Reinaldum</span> <span class='ocrx_word' id='word_1_123' title='bbox 1092 1796 1141 1832; x_wconf 89' lang='lat' dir='ltr'>et</span> <span class='ocrx_word' id='word_1_124' title='bbox 1189 1788 1466 1835; x_wconf 88' lang='lat' dir='ltr'>Eduardum</span> <span class='ocrx_word' id='word_1_125' title='bbox 1510 1800 1561 1836; x_wconf 81' lang='lat' dir='ltr'>et</span> 
     </span>
     <span class='ocr_line' id='line_1_21' title="bbox 228 1866 1559 1927; baseline -0.002 -10"><span class='ocrx_word' id='word_1_126' title='bbox 228 1886 373 1917; x_wconf 85' lang='lat' dir='ltr'>unam</span> <span class='ocrx_word' id='word_1_127' title='bbox 417 1868 564 1913; x_wconf 83' lang='lat' dir='ltr'>filiam</span> <span class='ocrx_word' id='word_1_128' title='bbox 622 1868 831 1913; x_wconf 85' lang='lat' dir='ltr'>Mariam.</span> <span class='ocrx_word' id='word_1_129' title='bbox 912 1868 1038 1914; x_wconf 81' lang='lat' dir='ltr'>Uxor</span> <span class='ocrx_word' id='word_1_130' title='bbox 1081 1866 1184 1927; x_wconf 87' lang='lat' dir='ltr'>ejus</span> <span class='ocrx_word' id='word_1_131' title='bbox 1228 1868 1463 1915; x_wconf 85' lang='lat' dir='ltr'>Eleonora</span> <span class='ocrx_word' id='word_1_132' title='bbox 1513 1872 1559 1915; x_wconf 81' lang='lat' dir='ltr'>ei</span> 
     </span>
     <span class='ocr_line' id='line_1_22' title="bbox 231 1948 1559 2013; baseline -0.002 -15"><span class='ocrx_word' id='word_1_133' title='bbox 231 1958 470 2013; x_wconf 88' lang='lat' dir='ltr'>superstes</span> <span class='ocrx_word' id='word_1_134' title='bbox 512 1948 633 2000; x_wconf 82' lang='lat' dir='ltr'>suit,</span> <span class='ocrx_word' id='word_1_135' title='bbox 669 1948 934 2009; x_wconf 85' lang='lat' dir='ltr'>habuitque</span> <span class='ocrx_word' id='word_1_136' title='bbox 983 1957 1210 2008; x_wconf 83' lang='lat' dir='ltr'>tanquam</span> <span class='ocrx_word' id='word_1_137' title='bbox 1250 1949 1457 2010; x_wconf 83' lang='lat' dir='ltr'>legatum</span> <span class='ocrx_word' id='word_1_138' title='bbox 1499 1951 1559 1996; x_wconf 85' lang='lat' dir='ltr'>ab</span> 
     </span>
     <span class='ocr_line' id='line_1_23' title="bbox 231 2029 915 2091; baseline -0.003 -13"><span class='ocrx_word' id='word_1_139' title='bbox 231 2049 287 2078; x_wconf 88' lang='lat' dir='ltr'>eo</span> <span class='ocrx_word' id='word_1_140' title='bbox 322 2031 529 2077; x_wconf 84' lang='lat' dir='ltr'>reditum</span> <span class='ocrx_word' id='word_1_141' title='bbox 570 2029 796 2076; x_wconf 81' lang='lat' dir='ltr'>Velaviae</span> <span class='ocrx_word' id='word_1_142' title='bbox 836 2030 915 2091; x_wconf 84' lang='lat'>(2).</span> 
     </span>
    </p>

    <p class='ocr_par' dir='ltr' id='par_1_6' title="bbox 225 2108 1556 2410">
     <span class='ocr_line' id='line_1_24' title="bbox 297 2108 1556 2170; baseline 0.001 -15"><span class='ocrx_word' id='word_1_143' title='bbox 297 2111 550 2156; x_wconf 84' lang='lat' dir='ltr'>Successor</span> <span class='ocrx_word' id='word_1_144' title='bbox 580 2108 803 2155; x_wconf 83' lang='lat' dir='ltr'>Reinaldi</span> <span class='ocrx_word' id='word_1_145' title='bbox 832 2110 885 2153; x_wconf 95' lang='lat' dir='ltr'>II</span> <span class='ocrx_word' id='word_1_146' title='bbox 921 2109 1011 2154; x_wconf 78' lang='lat' dir='ltr'>suit</span> <span class='ocrx_word' id='word_1_147' title='bbox 1041 2109 1164 2154; x_wconf 79' lang='lat' dir='ltr'>filius</span> <span class='ocrx_word' id='word_1_148' title='bbox 1189 2110 1292 2170; x_wconf 87' lang='lat' dir='ltr'>ejus</span> <span class='ocrx_word' id='word_1_149' title='bbox 1318 2118 1433 2156; x_wconf 87' lang='lat' dir='ltr'>natu</span> <span class='ocrx_word' id='word_1_150' title='bbox 1458 2127 1556 2156; x_wconf 83' lang='lat' dir='ltr'>ma-</span> 
     </span>
     <span class='ocr_line' id='line_1_25' title="bbox 225 2189 1553 2250; baseline -0.001 -15"><span class='ocrx_word' id='word_1_151' title='bbox 225 2190 306 2250; x_wconf 78' lang='lat' dir='ltr'>jor</span> <span class='ocrx_word' id='word_1_152' title='bbox 336 2189 594 2236; x_wconf 85' lang='lat' dir='ltr'>Reinaldus</span> <span class='ocrx_word' id='word_1_153' title='bbox 627 2189 723 2234; x_wconf 90' lang='lat' dir='ltr'><strong>III.</strong></span> <span class='ocrx_word' id='word_1_154' title='bbox 789 2189 935 2234; x_wconf 81' lang='lat' dir='ltr'>Natus</span> <span class='ocrx_word' id='word_1_155' title='bbox 971 2198 1041 2234; x_wconf 86' lang='lat' dir='ltr'>est</span> <span class='ocrx_word' id='word_1_156' title='bbox 1072 2206 1195 2234; x_wconf 89' lang='lat' dir='ltr'>anno</span> <span class='ocrx_word' id='word_1_157' title='bbox 1228 2189 1353 2236; x_wconf 85' lang='lat'>1330</span> <span class='ocrx_word' id='word_1_158' title='bbox 1375 2198 1422 2235; x_wconf 90' lang='lat' dir='ltr'>et</span> <span class='ocrx_word' id='word_1_159' title='bbox 1449 2208 1553 2235; x_wconf 89' lang='lat' dir='ltr'>sue-</span> 
     </span>
     <span class='ocr_line' id='line_1_26' title="bbox 231 2267 1553 2330; baseline -0.001 -15"><span class='ocrx_word' id='word_1_160' title='bbox 231 2271 369 2315; x_wconf 80' lang='lat' dir='ltr'>cessit</span> <span class='ocrx_word' id='word_1_161' title='bbox 402 2270 530 2330; x_wconf 88' lang='lat' dir='ltr'>patri</span> <span class='ocrx_word' id='word_1_162' title='bbox 561 2285 682 2314; x_wconf 86' lang='lat' dir='ltr'>anno</span> <span class='ocrx_word' id='word_1_163' title='bbox 731 2267 866 2316; x_wconf 82' lang='grc'><strong>1343.</strong></span> <span class='ocrx_word' id='word_1_164' title='bbox 935 2271 1089 2315; x_wconf 90' lang='lat' dir='ltr'>Minor</span> <span class='ocrx_word' id='word_1_165' title='bbox 1124 2286 1273 2330; x_wconf 88' lang='lat' dir='ltr'>quum</span> <span class='ocrx_word' id='word_1_166' title='bbox 1303 2270 1459 2314; x_wconf 84' lang='lat' dir='ltr'>adhue</span> <span class='ocrx_word' id='word_1_167' title='bbox 1482 2287 1553 2314; x_wconf 88' lang='lat' dir='ltr'>cs-</span> 
     </span>
     <span class='ocr_line' id='line_1_27' title="bbox 231 2350 1554 2410; baseline -0.002 -15"><span class='ocrx_word' id='word_1_168' title='bbox 231 2358 513 2402; x_wconf 65' lang='lat' dir='ltr'>sct„mater</span> <span class='ocrx_word' id='word_1_169' title='bbox 548 2351 649 2410; x_wconf 84' lang='lat' dir='ltr'>ejus</span> <span class='ocrx_word' id='word_1_170' title='bbox 683 2358 731 2396; x_wconf 88' lang='lat' dir='ltr'>et</span> <span class='ocrx_word' id='word_1_171' title='bbox 774 2350 1011 2396; x_wconf 82' lang='lat' dir='ltr'>Johannes</span> <span class='ocrx_word' id='word_1_172' title='bbox 1063 2350 1410 2410; x_wconf 81' lang='lat' dir='ltr'>Valkenhurgii</span> <span class='ocrx_word' id='word_1_173' title='bbox 1458 2350 1554 2394; x_wconf 77' lang='lat' dir='ltr'>Do-</span> 
     </span>
    </p>
   </div>
   <div class='ocr_carea' id='block_1_3' title="bbox 252 2494 1532 2673">
    <p class='ocr_par' dir='ltr' id='par_1_7' title="bbox 252 2494 1532 2673">
     <span class='ocr_line' id='line_1_28' title="bbox 302 2494 1485 2544; baseline -0.001 -14"><span class='ocrx_word' id='word_1_174' title='bbox 302 2496 364 2540; x_wconf 86' lang='lat'>(1)</span> <span class='ocrx_word' id='word_1_175' title='bbox 393 2496 484 2533; x_wconf 81' lang='lat' dir='ltr'>Vid.</span> <span class='ocrx_word' id='word_1_176' title='bbox 511 2509 582 2532; x_wconf 78' lang='lat' dir='ltr'>van</span> <span class='ocrx_word' id='word_1_177' title='bbox 607 2494 756 2531; x_wconf 78' lang='lat' dir='ltr'>Hasselt</span> <span class='ocrx_word' id='word_1_178' title='bbox 782 2494 897 2533; x_wconf 80' lang='lat' dir='ltr'>Geld.</span> <span class='ocrx_word' id='word_1_179' title='bbox 923 2494 1051 2533; x_wconf 84' lang='lat' dir='ltr'><strong>Oudh.</strong></span> <span class='ocrx_word' id='word_1_180' title='bbox 1080 2507 1169 2544; x_wconf 82' lang='lat' dir='ltr'>pag.</span> <span class='ocrx_word' id='word_1_181' title='bbox 1198 2497 1286 2531; x_wconf 83' lang='lat'><strong>526.</strong></span> <span class='ocrx_word' id='word_1_182' title='bbox 1314 2500 1352 2530; x_wconf 89' lang='lat' dir='ltr'>et</span> <span class='ocrx_word' id='word_1_183' title='bbox 1378 2505 1485 2543; x_wconf 82' lang='lat' dir='ltr'>seqq.</span> 
     </span>
     <span class='ocr_line' id='line_1_29' title="bbox 303 2559 1532 2609; baseline 0.003 -17"><span class='ocrx_word' id='word_1_184' title='bbox 303 2560 364 2602; x_wconf 82' lang='lat'>(2)</span> <span class='ocrx_word' id='word_1_185' title='bbox 403 2560 492 2597; x_wconf 84' lang='lat' dir='ltr'>Vid.</span> <span class='ocrx_word' id='word_1_186' title='bbox 539 2562 591 2596; x_wconf 87' lang='lat' dir='ltr'>Is.</span> <span class='ocrx_word' id='word_1_187' title='bbox 626 2561 700 2596; x_wconf 87' lang='lat' dir='ltr'>An.</span> <span class='ocrx_word' id='word_1_188' title='bbox 731 2559 878 2608; x_wconf 84' lang='lat' dir='ltr'>Nyhoff</span> <span class='ocrx_word' id='word_1_189' title='bbox 909 2559 1369 2609; x_wconf 81' lang='lat' dir='ltr'>chenkwaardighcden</span> <span class='ocrx_word' id='word_1_190' title='bbox 1403 2559 1454 2597; x_wconf 82' lang='lat' dir='ltr'>uit</span> <span class='ocrx_word' id='word_1_191' title='bbox 1488 2560 1532 2597; x_wconf 75' lang='lat' dir='ltr'>dc</span> 
     </span>
     <span class='ocr_line' id='line_1_30' title="bbox 252 2622 1136 2673; baseline 0.007 -16"><span class='ocrx_word' id='word_1_192' title='bbox 252 2622 505 2664; x_wconf 58' lang='lat' dir='ltr'>&amp;esclvicrlem</span> <span class='ocrx_word' id='word_1_193' title='bbox 541 2638 612 2662; x_wconf 61' lang='lat' dir='ltr'>mn</span> <span class='ocrx_word' id='word_1_194' title='bbox 642 2624 810 2663; x_wconf 78' lang='lat' dir='ltr'>Geldcrl.</span> <span class='ocrx_word' id='word_1_195' title='bbox 847 2628 875 2664; x_wconf 79' lang='lat' dir='ltr'>I.</span> <span class='ocrx_word' id='word_1_196' title='bbox 900 2628 946 2662; x_wconf 88' lang='lat' dir='ltr'>D.</span> <span class='ocrx_word' id='word_1_197' title='bbox 983 2641 1020 2673; x_wconf 80' lang='lat' dir='ltr'>p.</span> <span class='ocrx_word' id='word_1_198' title='bbox 1048 2627 1136 2663; x_wconf 72' lang='lat'>266.</span> 
     </span>
    </p>
   </div>
  </div>
 </body>
</html>
