1811 3358
843 198 908 256 '56

218 358 450 391 cessorem
493 340 815 401 heredemque
858 340 1070 386 declarat
1116 337 1196 399 (l).
1264 339 1447 399 Quibus
1489 341 1538 385 in

217 424 399 474 literis,
446 421 579 481 quod
624 437 678 465 ex
725 423 925 480 antiquo
969 417 1162 466 Gelriae
1196 417 1544 479 principatum,

218 503 477 551 Guilielmo
516 501 755 554 debitum,
801 518 849 546 se
894 500 1168 547 attribuisse
1212 506 1358 559 atque
1393 497 1549 542 infeu-

219 582 352 627 dasse
391 581 662 641 Imperator
704 587 960 631 memoret,
1009 578 1069 623 de
1114 594 1170 623 eo
1216 577 1548 639 accipiendum

217 661 487 722 Diplomate
532 660 752 711 videtur,
804 659 935 720 quod
982 658 1383 720 Neomagensibus
1430 675 1550 719 qua-

218 740 439 785 driennio
480 739 673 783 circiter
717 746 827 783 ante
872 738 1175 799 Aquisgrano
1224 738 1547 783 transmissum

218 822 271 866 in
315 817 600 865 membranis
655 824 900 861 exaratum
944 817 994 861 in
1040 817 1256 862 manibus
1299 825 1398 875 est3
1451 833 1548 878 quo

221 900 459 950 declarat,
504 913 551 941 se
602 895 794 941 Gelriae
842 895 1029 940 Ducatu
1074 912 1128 940 ac
1163 896 1399 942 Comitatu
1434 898 1548 941 zut-

217 979 422 1041 phaniae
468 976 619 1020 solum
663 973 973 1020 Guilielmum
1034 973 1377 1028 Juliacensem,
1431 974 1551 1022 Gui-

216 1058 367 1104 lielmi
409 1056 617 1100 filiorum
664 1061 782 1098 natu
824 1052 1082 1112 majorem,
1132 1068 1222 1097 nec
1274 1055 1419 1098 alium
1467 1070 1550 1098 or-

215 1137 427 1184 nandum
475 1149 660 1194 capere.

287 1219 481 1262 Interea
516 1229 614 1257 non
657 1212 920 1256 omiserunt
954 1212 1087 1272 quod
1122 1229 1262 1274 agere
1294 1221 1554 1274 coeperant

218 1295 463 1342 Ilekerani
488 1329 498 1346 ‚
573 1293 804 1351 Duceque
864 1291 1044 1336 Comitc
1100 1292 1311 1337 Blesensi
1371 1290 1549 1353 oppida

219 1377 519 1424 Arnhemum
536 1408 545 1425 ‚
557 1370 946 1431 Cranenburgum
958 1406 967 1423 ‚
984 1370 1302 1431 Lobcdaeque
1322 1372 1554 1415 telonium

223 1472 335 1500 suae
384 1455 604 1499 fecerunt
647 1451 910 1511 potestatis.
995 1450 1089 1496 Sed
1135 1466 1233 1495 non
1279 1450 1363 1494 diu
1413 1457 1550 1510 post,

220 1534 519 1581 Arnhemum
567 1531 773 1576 feliciter
822 1548 847 1576 e
890 1531 1136 1583 manibus,
1187 1531 1551 1575 Hekeranorum

221 1615 415 1675 eripuit.
450 1612 523 1657 Ac
549 1628 655 1655 mox
683 1610 770 1654 sub
801 1610 978 1654 festum
1009 1610 1119 1654 Divi
1150 1609 1315 1653 Jacobi
1334 1644 1345 1661 ,
1369 1608 1555 1656 Goswi-

220 1710 310 1739 nus
348 1693 407 1737 de
439 1691 732 1743 Waderiek,
777 1697 1058 1751 praetexens
1096 1704 1283 1733 causam
1317 1688 1555 1733 Lossensis

219 1773 442 1824 Comitis,
490 1772 705 1817 Thielam
750 1772 888 1832 cepit.

286 1851 395 1912 Quo
445 1867 550 1895 cum
594 1850 864 1895 advenisset
898 1866 994 1895 una
1038 1865 1144 1894 cum
1179 1850 1399 1910 praesule
1437 1849 1553 1894 Tra-

214 1931 450 1993 jcctensi,
501 1930 719 1975 Arnoldo
767 1930 1025 1981 IIornano,
1069 1929 1326 1973 Meehtilda
1361 1928 1552 1973 Blesen-

228 2013 318 2063 sis,
368 2018 418 2054 et
465 2010 650 2069 aliquot
695 2009 795 2054 dies
848 2009 917 2054 ibi
964 2007 1201 2069 epulando
1250 2025 1304 2053 ac
1356 2008 1552 2054 choreas

221 2089 440 2137 ducendo
479 2088 695 2148 jucunde
740 2089 880 2133 simul
928 2088 1264 2140 traducerent,
1316 2089 1553 2150 Neomago

221 2188 279 2216 ex
329 2169 576 2230 inopinato
621 2169 832 2213 accurrit
886 2167 990 2212 Dux
1041 2167 1318 2213 Juliacensis
1366 2186 1420 2214 ac
1471 2185 1554 2214 ur-

220 2250 330 2296 bem
369 2257 515 2294 noctu
555 2248 876 2292 conscendens
917 2264 1021 2293 eam
1076 2248 1342 2294 Ilekeranis
1393 2257 1549 2294 extor-

223 2333 295 2376 sit.
363 2331 502 2376 Multi
543 2337 680 2375 erant
727 2329 923 2389 captivi,
969 2330 1221 2391 episcopus
1256 2331 1356 2390 ipsc
1392 2328 1549 2388 sugam

223 2427 470 2473 capessens
517 2411 592 2456 vix
634 2426 659 2455 e
706 2410 926 2454 manibus
966 2418 1212 2463 evasisset,
1259 2409 1350 2454 nisi
1386 2408 1550 2455 Thiela

293 2583 356 2629 (ι)
388 2582 563 2631 Epistola
589 2582 691 2632 apud
719 2583 943 2621 Pontanum,
