1811 3358
865 202 926 247 39

307 333 530 381 Nonnulli
560 333 816 395 scriptores
847 332 1073 377 dixerunt
1120 330 1261 379 fuisse
1294 349 1402 381 eum
1444 331 1576 378 ditis-

245 411 433 464 simum,
463 428 667 473 eumque
701 412 927 456 reveritos
964 409 1109 455 fuisse
1142 414 1383 476 principes
1409 418 1494 476 qui
1528 432 1578 461 se

247 508 352 536 cum
381 509 436 538 eo
468 492 757 552 conjungere
790 491 1005 537 solebant
1039 493 1117 554 (1).
1180 493 1273 538 Sed
1308 509 1403 538 non
1433 495 1577 541 credo

246 571 387 617 fuisse
423 570 540 616 adeo
575 569 796 621 divitem,
833 586 940 614 nam
981 570 1150 615 eodem
1184 587 1306 617 anno
1351 574 1580 633 oppigno-

247 653 368 697 ravit
404 651 647 696 castellum
674 658 723 694 et
765 651 977 710 regiones
1006 651 1270 697 Montsortii
1297 669 1387 713 pro
1421 653 1579 701 12000

245 730 537 791 ponderibus
574 727 781 789 (pondus
810 728 910 773 sere
943 732 1155 790 pretium
1179 731 1347 778 habuit
1380 733 1578 795 florcni)

246 810 417 854 comiti
468 810 640 854 Juliaci
692 824 814 868 quae
867 808 979 853 huic
1040 809 1246 856 debebat
1297 820 1346 856 et
1392 815 1576 874 rogavit

249 886 412 935 40000
454 886 669 949 pondera
720 887 778 931 ab
841 889 1108 946 argentario
1167 889 1230 950 (2)
1283 890 1498 937 Johanne
1549 910 1576 938 a

242 968 395 1013 Halen
440 983 530 1029 pro
564 967 737 1027 quibus
768 967 980 1012 civitates
1032 968 1232 1030 (steden)
1267 970 1370 1029 ejus
1405 973 1574 1034 oppig-

245 1056 442 1094 noratae
488 1056 608 1091 sunt.

319 1129 421 1172 lter
466 1126 578 1171 fecit
614 1142 718 1169 cum
763 1127 1061 1186 Imperatore
1097 1127 1147 1171 in
1180 1129 1391 1181 Italiam,
1426 1146 1576 1190 quum

248 1207 315 1250 ihi
347 1212 473 1255 crat,
510 1203 794 1248 Leodienses
819 1203 1043 1263 episcopo
1076 1220 1160 1248 suo
1196 1206 1421 1268 Adolpho
1454 1207 1577 1255 Mer-

246 1301 362 1330 cano
422 1299 519 1328 11011
575 1282 814 1332 contenti,
882 1281 1018 1341 cujus
1080 1285 1296 1343 partibus
1360 1296 1414 1333 ut
1461 1298 1575 1350 pote

249 1364 470 1410 Reinaldi
496 1364 721 1423 sanguine
751 1363 910 1422 juncti
947 1360 1109 1408 Gelria
1140 1363 1349 1419 fovebat,
1387 1377 1574 1430 sumpta

251 1445 493 1489 occasione
525 1441 779 1486 diuturnae
808 1441 1030 1488 Reinaldi
1055 1443 1294 1491 absentiae
1326 1449 1374 1492 in
1409 1467 1575 1510 agrum

249 1522 447 1569 Gelrum
489 1537 655 1581 magno
701 1536 807 1564 cum
848 1521 1030 1580 impetu
1075 1523 1350 1579 irruerunt,
1400 1531 1577 1576 omnia-

249 1617 344 1661 quc
387 1616 510 1660 quae
549 1607 774 1661 poterant
811 1599 939 1644 ferro
975 1609 1121 1662 atque
1173 1605 1280 1665 igne
1325 1606 1385 1651 de
1421 1626 1577 1670 popu-

246 1682 333 1725 lati
368 1687 489 1724 sunt.
558 1678 818 1725 Reinaldus
848 1695 1008 1724 rerum
1039 1697 1201 1727 earum
1241 1685 1290 1729 in
1326 1686 1465 1734 Italia
1499 1708 1577 1736 ac-

252 1765 392 1819 cepto
422 1758 622 1809 nuncio,
660 1764 914 1817 postquam
947 1760 1103 1805 omnia
1131 1762 1307 1808 reditui
1338 1779 1574 1827 parasset,

268 1930 289 1949 2)
301 1930 344 1954 ve
381 1929 454 1952 van
489 1914 605 1951 Gelre
631 1935 679 1944 -
713 1916 794 1952 und
825 1915 980 1952 hebben
1010 1917 1182 1965 gebedcn
1205 1933 1297 1958 unse
1327 1922 1422 1961 lieve
1444 1940 1560 1965 vrou..

270 1994 363 2018 »we
405 1979 483 2016 und
515 1979 690 2025 Moeder,
740 1993 893 2018 vrouwe
927 1983 1126 2029 Margriete
1167 1984 1225 2020 die
1268 1986 1352 2023 olde
1388 1990 1559 2042 Grasyne

267 2057 374 2081 »van
416 2043 553 2086 Gelre;
606 2056 719 2079 unser
770 2044 894 2081 lieven
938 2047 1150 2094 gezellinne
1192 2063 1345 2089 vrouwe
1387 2054 1559 2104 Sophien

267 2109 468 2160 >)Grafyne
500 2122 573 2146 van
607 2107 748 2154 Gelre‚
799 2108 979 2159 Philippa
1011 2112 1089 2147 und
1124 2112 1253 2149 Isabel
1287 2117 1560 2161 Joncfrouwen

269 2187 375 2212 »van
403 2173 519 2211 Gelre
555 2185 648 2208 unse
672 2172 766 2209 lieve
801 2174 980 2211 Susteren
1002 2183 1079 2211 met
1102 2190 1172 2212 uns
1205 2185 1240 2214 te
1276 2183 1447 2232 segelen‚
1485 2197 1559 2228 etc.

269 2251 289 2270 ))
309 2242 416 2286 1527.
478 2236 672 2275 Dinsdach
713 2251 761 2273 na
795 2238 896 2275 Sinte
931 2239 1140 2276 Claesdach
1174 2242 1241 2279 des
1273 2246 1447 2298 Heiligen
1479 2255 1562 2291 Bis-

267 2307 446 2352 „ceps”

322 2368 384 2411 (1)
423 2365 568 2403 Chron.
598 2365 731 2402 colon.
761 2366 814 2402 fol
858 2370 947 2405 251.
974 2370 1024 2407 V.

321 2434 383 2478 (2)
422 2433 508 2470 Vox
551 2432 786 2480 argentarius
829 2435 1118 2483 usurpatus&
1161 2450 1204 2472 00
1244 2439 1306 2486 qui
1346 2442 1555 2492 antiquiore

269 2501 437 2543 tempore
481 2498 583 2546 apud
615 2510 683 2532 nos
718 2497 912 2536 dicebatur
947 2500 1203 2536 Tasslhoudcr
1236 2501 1346 2541 hodic
1380 2510 1554 2550 Bankier.

273 2568 421 2594 SENECA
461 2561 551 2598 dicit
582 2561 847 2601 Mensulam-ius.
