1811 3358
866 297 949 343 131

229 433 421 474 umatus
476 429 795 489 Zutphzmiac.
869 447 946 473 eos
1013 446 1185 488 casque
1249 432 1416 474 (laestir
1479 439 1560 474 aut

229 509 332 567 ejus
374 507 625 559 haeredes,
676 516 728 552 ut
769 509 921 552 Duce>-
982 508 1262 556 habandan,
1317 508 1556 552 destimul-

229 598 277 633 to
337 590 651 649 elocantoque
710 590 785 634 vel
839 590 999 633 liberis
1065 590 1138 633 vel
1203 589 1559 646 consanguineis

227 669 342 726 suis3
390 669 535 729 idque
580 686 606 715 a
649 677 786 731 parte
837 670 1029 716 Gelrica
1085 668 1172 712 sub
1222 680 1373 727 poena
1422 668 1562 711 amis-

227 749 368 793 sionis
418 748 520 808 ejus
564 749 712 808 juris,
770 751 901 810 quod
949 749 1088 793 modo
1149 748 1209 791 ad
1257 746 1559 791 retinendum

226 827 285 871 ab
351 828 560 888 Imperio
626 831 859 874 Ducatum
914 828 1105 874 Gelriae
1168 844 1237 871 ae.
1277 826 1559 870 Comitatum

229 906 524 965 Zutphaniae
576 910 664 952 isto
722 916 926 953 tractatu
971 921 1241 967 expressum
1293 923 1319 950 a
1363 906 1559 949 Caesare

224 984 456 1029 habetur:
511 988 549 1031 si
593 1003 791 1047 quoque
834 989 973 1048 culpa
1009 988 1068 1031 dc
1104 1002 1201 1031 non
1236 986 1456 1035 elocutis,
1505 993 1559 1029 ut

227 1072 299 1109 cst
352 1065 649 1118 condictum,
714 1066 877 1112 liberis
927 1083 980 1111 ac
1032 1068 1181 1126 stirpe
1229 1065 1372 1109 Ducis
1419 1081 1564 1125 penes

226 1143 471 1189 Caesarem
524 1153 605 1190 aut
651 1146 754 1205 ejus
815 1146 1047 1190 haeredes
1098 1153 1442 1206 posterosque,
1509 1152 1563 1187 ut

228 1223 383 1268 Duces
420 1224 730 1277 Brabantiae‚
777 1226 1007 1276 haeserit,
1063 1233 1161 1268 tum
1197 1225 1339 1269 liberi
1371 1242 1425 1269 ac
1457 1239 1562 1268 suc-

225 1318 435 1347 cessores
479 1304 691 1348 Ducatus
728 1302 919 1349 Gelriae
956 1319 1009 1347 ac
1050 1303 1309 1347 Comitatus
1349 1302 1561 1362 zutpha-

226 1382 334 1426 niae
400 1381 577 1427 ducere
630 1382 750 1428 filias
809 1383 1276 1442 consanguineusque
1328 1381 1561 1434 Caesaris,

226 1467 309 1504 aut
343 1460 558 1520 ejusdem
589 1461 699 1506 filiis
729 1462 1188 1522 consanguineisque
1224 1459 1406 1503 nubere
1434 1460 1564 1506 haud

226 1547 467 1584 tenentur.
528 1541 578 1585 Si
626 1549 784 1586 autem
817 1540 1052 1585 decedere
1089 1540 1186 1584 vita
1234 1538 1425 1586 Gelriae
1460 1541 1562 1586 Du-

227 1633 328 1662 cem
373 1620 652 1679 contigerit‚
698 1620 878 1664 relictis
922 1636 977 1664 ex
1023 1620 1236 1680 legitimo
1278 1636 1361 1665 suo
1398 1622 1562 1666 matri-

225 1698 387 1742 monio
422 1699 619 1759 pupillis
653 1715 724 1756 acu
745 1697 938 1750 liberis,
991 1698 1077 1759 qui
1113 1699 1247 1743 annis
1283 1709 1440 1744 essent
1470 1701 1562 1744 mi—

225 1791 390 1828 nores,
441 1778 474 1822 ii
505 1778 554 1821 in
590 1779 740 1823 tutela
775 1794 829 1822 ac
864 1778 1206 1838 procuratione
1237 1795 1403 1823 corum
1450 1797 1561 1826 sun-

226 1862 302 1906 to,
350 1856 435 1915 qui
474 1856 600 1901 intra
650 1856 844 1903 Gelriae
893 1855 1097 1900 ditiones
1150 1857 1201 1900 in
1252 1857 1302 1900 id
1350 1858 1410 1902 ab
1458 1859 1562 1919 ipso

226 1934 358 1979 Duce
393 1935 573 1980 suerint
604 1936 850 1996 designati.
904 1936 952 1979 Si
989 1951 1103 1979 vero
1138 1935 1197 1980 de
1230 1952 1286 1980 eo
1322 1938 1443 1982 nihil
1476 1954 1559 1999 pe-

226 2031 310 2060 nes
358 2016 512 2076 ipsum
559 2022 789 2060 statutum
840 2015 1073 2061 habeatur
1106 2032 1333 2076 proceres
1371 2034 1425 2061 ac
1469 2026 1563 2062 sta-

228 2103 304 2139 tus
361 2094 554 2141 Gelriae
616 2095 825 2140 Ducatus
893 2095 1138 2140 nominare
1200 2113 1254 2140 ac
1317 2096 1562 2142 declarare

228 2172 461 2233 ejusmodi
511 2180 761 2224 tenentur,
809 2189 956 2233 seque
1001 2173 1169 2218 eodem
1215 2174 1306 2219 hoc
1355 2178 1563 2221 tractatu

229 2262 434 2298 staturos
485 2254 626 2298 simul
672 2255 1004 2315 promittunto.
1071 2254 1239 2299 Caesar
1290 2263 1561 2315 praeterea,

225 2342 280 2378 ut
327 2335 430 2379 Dux
470 2333 776 2387 meantiae,
828 2334 1016 2379 liberali
1062 2350 1206 2380 manu
1242 2351 1295 2379 ex
1339 2334 1557 2385 urbibus,

227 2414 500 2474 municipiis
549 2422 693 2474 atquc
730 2414 942 2466 arcibus,
975 2413 1295 2464 Hardervico,
1334 2413 1556 2458 lIattemo

230 2501 279 2537 et
312 2493 545 2554 Elburgo,
583 2495 880 2554 caeterisque
909 2494 1002 2539 huc
1033 2492 1407 2555 pcrtinentibus,
1442 2493 1562 2538 Duci

232 2572 323 2616 hoc
355 2572 480 2617 bello
524 2574 779 2634 ademptis,
827 2574 1064 2633 praesidia
1108 2573 1358 2621 deducito,
1407 2589 1559 2632 eaque

238 2651 420 2710 singula
466 2651 657 2698 Gelriae
695 2652 815 2696 Duci
853 2653 1098 2697 restituto,
1149 2669 1201 2697 ae
1245 2653 1369 2699 cives
1412 2670 1566 2700 sacra-
