1811 3358
850 321 940 366 113

217 452 384 498 ducem
414 453 456 497 vi
501 455 603 512 ejus
640 454 889 503 cessionis,
945 453 1160 496 debuisse
1200 451 1324 509 ipsos
1372 450 1551 510 prinei·-

213 543 350 594 patus
387 533 737 577 successoribus
768 534 910 577 Ducis
939 533 1095 576 Caroli
1126 537 1401 575 restituere:
1439 546 1546 574 nam

211 615 296 673 qui
332 614 470 657 cessit
510 612 591 671 jus
636 628 771 656 suum
807 613 974 663 alteri,
1013 612 1049 655 si
1084 618 1247 671 postea
1285 611 1353 655 rei
1390 627 1543 656 cessae

208 693 549 753 possessionem
596 700 907 753 assequatur,
958 693 1145 752 cogitur
1192 691 1321 735 illam
1375 695 1546 736 cessio-

208 771 344 816 nario
373 771 589 824 tradere,
624 773 702 817 vel
718 771 822 831 ejus
850 769 1199 816 successoribus
1219 789 1229 825 3
1250 785 1409 829 neque
1444 778 1542 815 tum

208 850 318 893 satis
355 857 424 895 est
464 852 501 895 si
533 852 742 911 pretium
779 858 966 895 tantum
1011 849 1224 894 solvatur
1260 850 1339 909 (1).

271 928 373 972 Illis
409 930 493 988 qui
540 937 701 990 partes
749 929 927 974 Cliviae
976 929 1121 973 Ducis
1159 928 1418 974 tuebantur
1459 929 1543 973 ob-

199 1005 286 1065 jici
333 1009 475 1052 etiam
511 1010 761 1069 potuisset,
817 1009 996 1053 Ducem
1032 1009 1209 1052 Cliviae
1253 1009 1398 1052 etiam
1435 1024 1538 1052 ces-

204 1095 335 1131 sante
388 1105 440 1132 ca
479 1089 688 1132 cessione
736 1103 832 1130 non
879 1087 1089 1146 potuis-se
1136 1087 1371 1130 Ducamm
1425 1086 1538 1132 Gel-

210 1166 308 1210 riae
343 1174 390 1210 et
433 1167 715 1211 Coinitatum
765 1167 1062 1226 Zutphaniae
1107 1166 1350 1217 obtinere,
1398 1183 1539 1226 prae-

205 1246 369 1289 sertim
409 1246 470 1289 ob
505 1262 605 1290 eam
642 1247 875 1290 rationem
910 1246 1043 1305 quod
1083 1245 1170 1289 hae
1203 1246 1408 1289 ditiones
1438 1231 1543 1288 tanss

203 1339 348 1383 quam
395 1324 587 1369 seudum
630 1326 810 1385 majora
868 1325 1127 1369 masculina
1194 1324 1253 1369 ad
1304 1325 1543 1368 dominam

202 1404 425 1456 Mariam,
445 1406 549 1464 ejus
568 1413 767 1451 matrem
787 1441 796 1457 ,
817 1421 870 1450 ac
901 1421 990 1465 per
1009 1421 1141 1456 eum,
1176 1405 1410 1465 adipsum
1440 1404 1539 1448 Du-

201 1501 331 1537 cem,
385 1485 673 1530 descendere
735 1500 831 1529 non
886 1491 1092 1545 possent.
1174 1484 1534 1535 Occurrerunt,

202 1564 314 1608 huic
376 1566 547 1608 tacitae
613 1564 900 1622 objectioni,
953 1563 1240 1608 affirmantes
1301 1565 1537 1609 Ducatum

203 1644 396 1688 Geli-ine
435 1652 481 1687 et
530 1644 814 1687 comitatum
868 1645 1194 1703 Zutpbaniae,
1248 1646 1336 1688 etsi
1384 1652 1542 1689 essent

202 1724 343 1768 semia
388 1725 590 1769 Romani
638 1724 835 1783 Imperii
875 1723 978 1783 ejus
1027 1740 1127 1769 esse
1165 1725 1453 1769 conditionis
1489 1731 1537 1768 et

200 1811 428 1853 naturae,
462 1811 517 1846 ut
563 1812 754 1862 possent
802 1820 898 1847 non
940 1805 1090 1848 solum
1147 1804 1208 1848 ad
1256 1804 1403 1856 filios,
1451 1804 1533 1860 sed

201 1884 345 1927 etiam
376 1883 434 1926 ad
466 1882 586 1928 filias
631 1884 934 1930 descendere.
1003 1886 1064 1930 Et
1098 1885 1159 1931 ad
1193 1885 1284 1930 hoc
1329 1885 1537 1946 probam

199 1964 313 2007 dum
361 1964 626 2023 assegarunt
676 1965 981 2024 privilegium
1032 1965 1092 2009 ab
1148 1964 1374 2026 Adolpho
1421 1965 1538 2019 Nas-

199 2043 356 2087 savico
406 2059 516 2099 rege
568 2043 810 2094 Romano,
844 2045 956 2088 olim
1006 2044 1241 2090 Reinaldo
1290 2052 1533 2105 postremo

199 2121 459 2171 C01niti,et
487 2122 641 2181 primo
671 2123 791 2166 Duci
809 2122 1000 2168 Geh‘iae
1020 2140 1432 2184 concessum‚quo
1457 2114 1530 2168 di-'

200 2200 370 2246 cebant
415 2202 599 2252 caveri,
633 2210 687 2245 ut
723 2203 773 2246 in
821 2202 1011 2247 Ducatu
1050 2201 1241 2250 Gelriae
1274 2211 1332 2259 et
1376 2188 1530 2248 Comi-

199 2288 303 2326 tatu
352 2280 677 2341 Zutphaniae,
711 2296 818 2324 cum
854 2280 1074 2325 deessent
1116 2282 1313 2325 masculi
1360 2282 1530 2327 haere-

198 2361 280 2406 des
324 2369 372 2405 et
404 2362 590 2421 agnati,
621 2360 933 2405 succederent
977 2360 1132 2418 filiae;
1167 2369 1217 2406 et
1256 2362 1347 2406 hoc
1384 2363 1532 2421 privi-

196 2442 372 2500 legium
408 2457 574 2486 revera
611 2458 745 2486 suum
782 2441 1040 2486 exseruisse
1085 2441 1337 2492 effectum,
1383 2456 1531 2500 quum

198 2519 459 2565 Reinaldus
494 2522 546 2566 II
581 2538 704 2566 anno
736 2519 858 2568 1343
891 2530 1106 2566 mortuus
1151 2529 1300 2572 esset,
1348 2521 1527 2565 relictis

270 2691 331 2736 (ι)
365 2692 391 2724 L
443 2693 486 2725 (35
517 2690 553 2728 ¹1¹,
590 2691 634 2726 (lc
674 2692 740 2727 l‘xei
774 2690 1048 2729 vindicatione.

1127 2755 1185 2799 *15
